1852 3137
69 1505 132 1535 An.
148 1504 204 1534 Pr.
220 1504 249 1533 I.

66 1550 118 1578 24.
136 1549 166 1577 3.

267 206 327 256 74
787 221 926 253 ARTis
952 222 1133 261 LQGICAE

269 340 401 401 Ergo
440 338 654 385 medium
697 338 997 385 distribuitur
1034 339 1082 385 in
1124 339 1324 402 reliqua,
1361 354 1471 401 quae
1510 339 1653 386 etiam

268 420 563 468 Universalis
596 427 684 476 est,
709 420 866 483 sitque
904 421 945 467 1.
970 420 1300 468 Affirmativa:
1340 422 1471 483 Ergo
1503 421 1551 466 in
1577 420 1658 467 illa

270 503 484 549 medium
509 503 775 565 subjicitur,
800 508 849 549 et
874 508 1145 550 extremum
1175 503 1334 549 medio
1368 502 1655 549 attributum

271 602 370 632 non
403 585 732 632 distribuitur:
770 585 902 647 Ergo
938 590 1168 632 neutrum
1203 590 1533 632 extremorum
1568 583 1660 630 dis-

271 667 499 714 tribuitur
549 668 598 713 in
645 666 931 729 praemissis:
993 668 1124 730 Ergo
1172 673 1402 713 neutrum
1448 667 1495 713 in
1545 681 1661 712 con-

273 750 518 797 clusione:
570 751 702 812 Ergo
745 750 992 796 conclusio
1033 749 1334 811 particularis
1375 748 1662 794 affirmativa

274 841 359 880 est.
433 833 504 879 Sit
545 834 589 879 2.
627 832 895 893 Negativa:
945 833 1077 894 Ergo
1118 831 1364 878 conclusio
1407 830 1661 892 negativa:

275 916 359 963 sed
418 915 563 961 debet
620 914 799 960 habere
846 919 1121 960 extremum
1168 929 1266 959 non
1321 912 1661 959 distributum:

276 999 407 1060 Ergo
432 996 736 1060 particularis
760 996 985 1057 negativa
1009 1001 1096 1042 est.

341 1080 413 1127 Sit
439 1080 483 1126 2.
521 1078 888 1126 Praemissarum
913 1077 1065 1124 altera
1088 1077 1388 1140 particularis
1415 1075 1664 1139 negativa:

275 1166 406 1225 Ergo
427 1162 636 1224 Reliqua
653 1160 950 1209 Universalis
971 1160 1256 1206 affirmativa
1276 1177 1286 1207 ε
1325 1160 1456 1221 Ergo
1476 1159 1524 1205 in
1545 1175 1666 1221 prae-

275 1246 429 1293 missis
472 1245 569 1291 duo
611 1248 804 1290 tanturn
853 1243 1048 1289 termini
1095 1242 1479 1290 distribuuntur:
1534 1241 1665 1303 Ergo

279 1327 542 1376 Conclusio
561 1326 711 1373 habet
736 1331 1010 1372 extremum
1037 1341 1135 1371 non
1155 1324 1495 1371 distributum:
1534 1324 1665 1385 Ergo

281 1427 393 1458 eum
417 1409 643 1471 negativa
666 1408 743 1464 sit,
768 1408 857 1454 erit
881 1407 1026 1454 etiam
1050 1406 1367 1470 particularis.

352 1493 426 1539 12.
466 1491 615 1543 Quod
663 1490 701 1536 si
751 1489 1038 1535 Conclusio‘
1083 1487 1387 1550 particularis
1446 1487 1522 1543 sit,
1569 1503 1668 1533 non

280 1589 478 1622 necesse
536 1578 610 1618 est
666 1571 1022 1634 praemissarum
1070 1570 1273 1616 alteram
1330 1569 1670 1632 particularem

282 1672 401 1703 esse.
472 1654 594 1701 Fieri
618 1654 747 1700 enirn
777 1657 956 1716 potest,
980 1657 1035 1698 ut
1067 1651 1290 1698 instituto
1324 1667 1433 1697 meo
1465 1651 1672 1698 sufficiat

284 1737 628 1791 subalternata,
671 1734 868 1797 quando
910 1733 1248 1780 subalternans
1292 1733 1454 1795 potuit
1494 1733 1671 1780 inferri.

285 1821 351 1867 Et
376 1834 488 1866 curn
513 1818 608 1865 illae
634 1818 728 1864 sint
757 1816 897 1863 simul
931 1832 1075 1872 verae,
1098 1815 1303 1862 liberum
1336 1822 1410 1862 est
1442 1816 1674 1864 utramvis

285 1901 474 1948 inferre.
526 1900 820 1961 Quanquam
841 1898 1003 1945 stricte
1021 1897 1287 1960 loquenda),
1303 1898 1675 1958 Argumentatio

287 2000 384 2030 non
419 1989 493 2030 est
525 1986 783 2035 aceurata3
821 1996 933 2027 nam
973 1979 1329 2027 Subalternatae
1366 1979 1540 2027 veritas
1576 1995 1675 2026 non

286 2067 563 2113 immediate
610 2064 865 2112 deducitur
912 2080 974 2110 ex
1020 2063 1294 2125 praemissis,
1336 2062 1421 2109 sed
1462 2079 1523 2109 ex
1565 2062 1677 2109 sub-

288 2150 573 2197 alternante.

345 2360 357 2376 r
387 2352 487 2388 This
507 2352 593 2387 rule
615 2351 647 2387 is
669 2351 784 2398 given
812 2350 863 2398 by
885 2349 1086 2392 Aristotle,
1109 2354 1180 2386 not
1201 2350 1295 2385 with
1322 2349 1523 2386 reference
1551 2354 1592 2387 to
1613 2350 1679 2387 the

293 2416 499 2452 subaltern
528 2413 682 2456 moods,
703 2413 776 2449 but
805 2417 844 2449 to
875 2413 942 2449 the
973 2412 1079 2448 third
1109 2411 1245 2461 figure,
1273 2413 1313 2448 in
1335 2413 1463 2449 which
1494 2418 1569 2449 two
1596 2414 1681 2449 uni-

293 2479 419 2516 versal
449 2478 645 2527 promises
679 2477 772 2525 only
807 2480 977 2513 warrant
1012 2489 1034 2512 a
1067 2476 1283 2524 particular
1316 2477 1561 2514 conclusion.
1619 2477 1681 2513 An

295 2544 448 2579 inverse
488 2542 574 2578 rule
610 2540 653 2577 os
689 2541 889 2576 inscrence
928 2540 1046 2575 holds
1081 2540 1174 2576 with
1209 2540 1349 2589 regard
1386 2545 1423 2577 to
1459 2540 1567 2576 truth
1603 2540 1681 2577 and

297 2605 523 2641 falsehood:
556 2609 630 2640 two
660 2610 746 2639 truc
774 2604 968 2651 promises
997 2603 1235 2639 necessitate
1264 2616 1286 2639 a
1317 2608 1402 2640 true
1423 2603 1680 2642 conclusiom

294 2669 367 2704 but
394 2668 459 2704 the
491 2668 596 2703 truth
629 2666 670 2702 of
698 2667 763 2703 the
792 2667 1026 2702 conclusion
1059 2666 1155 2702 (loos
1187 2671 1255 2702 not
1285 2671 1498 2714 guarautee
1529 2666 1614 2702 that
1643 2665 1687 2701 os

296 2732 362 2765 ssw
385 2732 590 2778 pre-misc&
649 2730 709 2765 sssf.
731 2731 802 2766 An.
832 2731 887 2765 ΡΥ.
914 2731 949 2765 ii.
974 2733 1007 2765 ⁴2.
1035 2733 1064 2765 l.
