1852 3137
101 367 197 397 Anal.
216 367 270 397 Pr.

102 410 132 440 I.
148 411 199 440 25.
217 411 267 439 11.

100 452 129 482 I.
145 453 198 482 28.
214 454 244 482 5.

95 1345 191 1376 Anal.
208 1346 264 1375 Pr.

95 1388 123 1419 I.
141 1389 193 1419 39.

313 223 376 269 98
838 240 975 271 ART1s
1002 240 1184 271 LOGICAE
1225 284 1229 290 ⁵

314 354 755 416 Enthymematicae
805 354 1131 409 Antecedens,
1178 353 1424 401 Aristoteli
1466 355 1707 417 Pro-syllo-

308 435 488 497 gismus
512 441 626 482 estu.

379 516 424 564 6.
463 516 578 563 Huc
623 516 832 578 denique
873 515 1201 563 revocandum
1245 521 1318 562 est
1359 514 1701 578 compendium

310 597 430 644 illud
466 597 742 660 disputandi
779 596 1137 658 opponentibus
1177 597 1557 652 usitatissimum,
1591 596 1707 643 reti-

312 679 451 725 cendi
477 678 660 726 scilicet
686 677 1048 724 conclusionem
1069 695 1079 732 ;
1119 693 1230 724 cum
1256 678 1316 724 sit
1340 678 1442 740 ipsa
1467 677 1704 732 Quaestio,

311 776 458 822 quam
483 759 782 822 respondens
807 775 906 804 non
931 759 1218 821 supponitur
1242 759 1478 820 ignorare.

380 841 743 903 [Admittuntur
786 839 994 901 denique
1034 840 1083 885 in
1128 839 1317 886 Scholis
1359 839 1501 885 etiam
1546 838 1703 900 Syllo-

308 923 572 984 gismorum
632 921 871 976 formulae,
932 920 1046 982 quia
1103 926 1273 967 contra
1329 920 1520 982 regulas
1581 936 1700 967 voce

307 1009 519 1058 tantum,
551 1019 648 1049 non
685 1019 845 1058 senSU,
879 1008 1102 1065 peccant,
1134 1008 1183 1048 et
1219 1008 1408 1049 mutata
1443 1002 1604 1065 phrasi
1639 1001 1700 1048 ad

308 1085 566 1132 canonicas
603 1084 741 1130 facile
777 1090 1083 1131 revocantur.
1154 1084 1378 1146 Suntque
1415 1083 1533 1130 nihil
1569 1083 1699 1131 aliud

308 1183 454 1229 quam
476 1166 710 1213 Licentiae
730 1166 957 1228 quaedam
984 1166 1320 1228 Syllogisticae,
1338 1171 1386 1212 et
1404 1165 1451 1212 in
1472 1170 1699 1212 accurata

307 1247 634 1310 disputatione
659 1263 758 1293 non
786 1247 1010 1294 videntur
1034 1247 1364 1294 admittendae.

378 1329 418 1375 1.
457 1328 668 1380 Quando
705 1344 792 1390 pro
835 1328 1044 1375 termino
1086 1328 1354 1390 repetendo
1391 1327 1698 1374 substituitur

306 1428 403 1459 vox
450 1412 516 1458 illi
563 1411 898 1474 aequipollens.
976 1411 1044 1457 Ut
1090 1411 1137 1457 in
1186 1411 1297 1466 hoc,
1338 1411 1442 1457 Ens
1482 1410 1699 1456 naturale

306 1501 519 1540 constans
559 1509 750 1555 corpore
797 1492 1018 1555 organico
1066 1501 1110 1539 et
1158 1492 1313 1538 anima
1360 1492 1584 1539 rationali
1630 1498 1697 1537 est

305 1578 469 1623 homo:
523 1576 741 1623 Socrates
782 1584 849 1623 est
890 1576 1140 1637 ejusmodi:
1194 1591 1308 1637 ergo
1350 1583 1417 1621 est
1458 1576 1608 1629 homo,
1649 1578 1697 1619 et

305 1657 550 1703 similibus.
623 1658 792 1703 Potest
813 1657 940 1702 enim
961 1656 1188 1718 Sophiste.
1206 1656 1338 1703 abuti
1362 1656 1455 1702 ista
1473 1655 1696 1701 libertate

304 1738 380 1785 vel
406 1738 465 1785 ad
492 1737 778 1799 nugandum
805 1738 880 1784 vel
905 1737 965 1784 ad
993 1737 1270 1784 fallendum.

370 1821 414 1867 2.
452 1819 664 1872 Quando
707 1819 832 1865 fiunt
873 1819 1149 1880 Syllogismi
1184 1835 1245 1866 ex
1283 1818 1506 1880 obIIquis,
1543 1818 1695 1880 qualis

303 1908 392 1957 est,
423 1901 583 1948 Omnis
608 1901 803 1948 hominis
827 1917 967 1962 equus
992 1901 1165 1948 currit:
1202 1900 1421 1947 Socrates
1445 1908 1511 1946 est
1536 1900 1692 1955 lzomo;

302 2000 416 2045 ergo
466 1983 676 2030 Socratis
723 1999 864 2044 equas
911 1983 1070 2029 currit.
1152 1983 1246 2029 Pro
1295 1981 1470 2027 minori
1517 1981 1695 2027 rectius

302 2065 478 2111 dixeris
505 2065 716 2112 Socratis
749 2081 887 2126 equas
919 2072 986 2111 cst
1017 2064 1212 2110 hominis
1243 2080 1399 2125 equas,
1432 2062 1547 2109 alias
1581 2078 1696 2109 con-

297 2170 455 2215 parata,
477 2169 536 2205 (fic.
595 2167 672 2204 See
691 2166 739 2203 ad
772 2167 926 2203 Heren.
947 2167 985 2203 ii.
1007 2169 1042 2203 2.
1064 2167 1102 2202 ii.
1130 2167 1188 2202 19.
1211 2165 1290 2202 Cic.
1309 2165 1358 2201 de
1379 2165 1467 2201 Inv.
1489 2165 1515 2200 i.
1538 2166 1586 2200 37
1609 2175 1694 2211 sqq.

305 2231 444 2276 Quint.
483 2230 585 2267 Inst.
623 2243 657 2266 v.
700 2231 759 2266 13.
823 2230 992 2278 Finauy,
1032 2230 1101 2266 the
1138 2241 1257 2265 name
1296 2228 1579 2276 Epicheirema
1617 2239 1694 2264 was

302 2293 459 2330 limited
482 2299 521 2329 to
543 2294 610 2330 the
631 2292 931 2340 quadripartite.
989 2292 1047 2330 Cf.
1065 2291 1409 2339 Trendelenburg,
1427 2291 1558 2327 Elem.
1577 2292 1611 2341 ᾗ.
1630 2291 1692 2326 33.

303 2356 646 2403 Schweighoeuser
662 2367 714 2391 on
736 2355 948 2402 Epictetus
970 2355 999 2390 Ι.
1025 2356 1059 2391 8.
1117 2355 1196 2390 For
1216 2366 1327 2390 some
1345 2354 1459 2389 other
1478 2353 1693 2390 variations

300 2421 340 2456 in
364 2421 431 2457 the
453 2432 524 2456 use
546 2419 589 2455 of
606 2419 672 2455 the
693 2431 823 2461 name,
846 2431 912 2455 see
933 2418 1057 2467 Krug,
1079 2419 1210 2465 Loslilc,
1235 2420 1269 2469 g..
1295 2419 1381 2453 113.

354 2492 367 2505 ¹¹
396 2484 478 2520 Not
498 2483 661 2531 exactly.
719 2482 807 2518 The
829 2482 1122 2530 prosyllogism‚
1146 2494 1190 2518 or
1210 2480 1449 2517 antecedent
1470 2480 1689 2529 syllogism,

301 2547 345 2583 of
377 2546 579 2588 Aristotlo‚
611 2546 643 2582 is
679 2558 702 2581 a
737 2545 942 2593 syllogism
979 2544 1189 2593 employed
1223 2548 1263 2580 to
1293 2555 1411 2591 prove
1441 2554 1518 2579 one
1548 2542 1592 2579 of
1624 2542 1692 2578 the

300 2611 495 2657 premises
517 2610 561 2645 of
585 2609 754 2645 another
775 2609 995 2657 syllogism.
1053 2608 1092 2644 It
1118 2607 1221 2644 need
1248 2612 1320 2643 not
1347 2607 1395 2643 be
1417 2605 1630 2654 expressed
1650 2605 1692 2641 in

300 2686 320 2708 a
348 2672 539 2709 curtailed
570 2672 682 2708 form.
742 2671 817 2707 See
848 2670 990 2707 Pacius
1012 2682 1062 2706 on
1088 2671 1202 2706 Anal.
1226 2670 1347 2706 Prior.
1372 2669 1396 2705 i.
1418 2671 1479 2705 35.
1503 2670 1535 2704 3.
1560 2667 1690 2708 Bicse.

298 2735 371 2770 vol.
395 2736 417 2770 i.
440 2748 479 2781 p.
505 2737 591 2770 157.
