1868 3117
710 219 1013 251 RUDIMENTA.
1498 202 1553 247 31

171 334 449 397 subjicitur:
489 336 656 382 Genus
689 336 763 383 vel
797 335 990 397 Species
1024 331 1341 387 subalternab‚
1368 348 1481 394 quae
1515 336 1563 377 et
1577 338 1774 411 {gas-224,

171 424 382 479 cognato
420 418 597 464 Generi
644 416 911 479 subjicitur,
948 422 996 462 et
1037 415 1096 462 de
1140 420 1351 476 cognata
1393 413 1564 476 Specie
1623 403 1630 410 ⁵

169 498 477 560 praedicatur.
545 499 681 545 Voco
707 504 873 545 autem
904 498 1141 561 Cognata,
1167 512 1278 559 quae
1305 511 1366 541 ex
1395 494 1564 541 iisdem

172 581 438 627 Individuis
478 587 714 644 perpetua
754 580 1082 627 abstractione
1126 578 1453 640 colliguntur;
1511 583 1566 622 ut

170 663 346 720 Homo,
384 664 593 733 Animal,
643 665 822 719 Vivens,
865 664 1062 726 Corpus,
1102 662 1411 709 Substantia:
1453 676 1565 722 quae

171 760 231 790 ex
267 745 478 801 Socrate,
504 746 704 792 Platone
738 747 819 792 &c.
846 745 1127 808 expurgatis
1164 744 1394 791 continue
1431 742 1567 789 diffe-

172 827 337 873 rentiis
363 828 599 875 oriuntur,

243 909 412 972 [Hanc
455 910 623 956 seriem
660 910 728 956 ita
762 909 945 973 placuit
987 908 1192 955 describi
1234 915 1288 954 ut
1331 906 1567 969 quodam-

172 991 319 1037 modo
355 991 554 1038 referret
591 992 842 1038 arborem:
897 991 1067 1038 saltem
1116 1008 1143 1037 a
1182 989 1456 1052 Porphyrio
1499 988 1564 1035 sic

173 1072 417 1134 descripta
475 1072 818 1137 Porplzyrianoe
878 1073 1102 1120 Ανῦονιῖες
1164 1088 1345 1118 nomen
1405 1071 1564 1118 habet.

176 1153 337 1216 Hujus
398 1163 607 1202 truncum
654 1155 892 1202 referebat
941 1156 1062 1201 linea
1120 1154 1313 1209 directa,
1359 1153 1406 1199 in
1468 1169 1565 1214 qua

171 1237 363 1284 Genera
387 1242 435 1283 et
455 1238 648 1300 Species
667 1238 1001 1284 scribebantur
1022 1254 1031 1283 :
1070 1237 1118 1282 in
1139 1252 1354 1298 suprema
1373 1234 1565 1281 Tabula

175 1320 343 1366 Genus
391 1335 652 1375 summum,
699 1320 747 1366 in
797 1320 889 1365 ima
937 1318 1130 1381 Species
1177 1318 1373 1371 infima3
1434 1316 1564 1363 unde

174 1401 400 1449 Nomina.
501 1403 637 1448 Inter
701 1401 808 1448 haec
876 1400 1042 1448 Media
1107 1399 1412 1455 Subalterna,
1476 1414 1564 1445 suo

173 1484 357 1531 ordine.

242 1567 542 1614 Differentiae
585 1566 644 1614 ad
686 1567 812 1613 latus
855 1572 969 1612 sunt
1010 1564 1288 1627 dispositae;
1344 1562 1405 1609 ad
1447 1579 1568 1625 quas

175 1649 337 1696 ductae
385 1665 413 1695 a
460 1649 730 1695 Generibus
778 1648 875 1695 suis
925 1647 1067 1693 lineae
1114 1647 1371 1693 Ramorum
1419 1646 1569 1692 instar

172 1732 495 1794 pertinebant.
569 1730 825 1777 Individua
857 1730 944 1775 sub
979 1729 1138 1791 specie
1171 1728 1339 1776 infima
1372 1728 1568 1789 oblique

173 1813 414 1876 descripta
438 1818 567 1868 sunt,
593 1812 729 1875 quasi
753 1811 1042 1875 propagines
1069 1809 1302 1872 Radicis.]

174 1973 304 2022 gories
326 1973 405 2010 and
424 1973 492 2010 the
517 1973 738 2022 objections
766 1971 897 2008 raised
925 1971 1083 2020 against
1107 1971 1231 2014 them,
1254 1982 1320 2007 see
1342 1969 1566 2018 Appendix,

176 2042 271 2074 note
291 2038 338 2074 B.

230 2101 244 2121 ¹³
272 2101 413 2149 Species
446 2101 670 2138 subalterna.
727 2100 838 2137 Here
872 2099 940 2136 the
977 2098 1084 2135 word
1117 2099 1247 2145 species
1280 2096 1353 2133 has
1388 2094 1570 2144 changed

176 2166 227 2202 its
257 2165 458 2213 meaning.
516 2165 566 2200 In
595 2165 664 2200 the
693 2163 864 2212 original
898 2161 1109 2199 definition
1140 2162 1173 2198 it
1201 2165 1338 2198 meant
1367 2172 1389 2196 a
1418 2160 1570 2196 certain

176 2230 346 2268 relation
366 2230 408 2265 in
429 2229 558 2266 which
579 2241 602 2266 a
626 2228 828 2277 predicate
857 2240 946 2276 may
967 2226 1086 2263 stand
1106 2231 1146 2262 to
1171 2227 1222 2262 its
1245 2225 1411 2274 subject.
1471 2224 1570 2261 Man

178 2294 211 2330 is
232 2306 255 2331 a
275 2293 439 2341 Species
459 2298 500 2330 to
523 2294 716 2330 Socrates.
773 2291 813 2328 It
836 2303 925 2328 now
945 2303 1085 2327 means
1113 2303 1135 2327 a
1163 2289 1312 2327 certain
1335 2288 1505 2325 relation
1525 2288 1568 2324 in

176 2358 305 2394 which
326 2370 348 2394 a
367 2357 523 2407 subject
542 2369 633 2406 may
653 2355 770 2393 stand
791 2360 831 2392 to
852 2355 903 2391 its
925 2354 1139 2403 predicate.
1184 2354 1286 2390 Man
1307 2353 1340 2389 is
1361 2365 1384 2389 a
1405 2352 1566 2400 Species

176 2426 216 2457 to
236 2420 408 2457 Animal.
466 2420 600 2456 These
628 2431 694 2456 are
722 2418 925 2467 generally
952 2415 1249 2466 distinguished
1278 2415 1329 2464 by
1350 2414 1566 2463 Logicians

176 2495 219 2520 as
239 2483 308 2519 the
326 2484 455 2530 species
467 2483 716 2529 praedicabilis
736 2481 816 2518 and
836 2481 903 2517 the
922 2481 1052 2528 species
1070 2479 1294 2527 subjicibilis.

228 2554 243 2571 0
272 2546 333 2595 By
366 2546 435 2583 the
475 2545 609 2582 Greek
646 2545 862 2594 Logicians
896 2545 927 2581 it
955 2556 1033 2581 was
1068 2542 1301 2580 sometimes
1336 2538 1462 2577 called
1496 2538 1564 2574 the

176 2611 307 2648 ladder
327 2609 487 2658 (κλίμαξ)
509 2609 554 2647 of
569 2609 786 2658 Porphyry.
