1852 3137
340 206 433 252 128
864 221 1000 251 Aa'rls
1028 222 1209 252 LoolcAE

335 353 363 383 a
405 337 604 383 notione
646 337 778 384 Finis
819 337 1070 399 incipienS‚
1112 336 1402 399 subjectum,
1444 340 1493 382 et
1534 335 1730 382 tandem

333 419 495 465 media
519 419 779 481 investigat
789 416 822 464 ¹¹.

404 500 611 562 Regulae
651 500 877 554 Methodi
914 500 1164 562 generales
1206 500 1284 546 hae
1327 506 1455 546 sunt.
1542 499 1600 545 In
1637 504 1733 545 tra-

338 582 499 629 denda
557 582 809 645 disciplina
871 583 910 628 1.
959 582 1092 628 Nihil
1151 582 1274 628 desit
1332 588 1418 629 aut
1475 581 1730 628 redundet.

337 665 380 711 2.
417 664 633 727 Singulae
669 670 832 727 partes
868 665 995 711 inter
1031 681 1081 711 se
1119 665 1439 711 consentiant.
1518 664 1562 711 3.
1598 663 1730 710 Nihil

334 753 572 794 tractetur
616 747 748 809 quod
791 763 888 793 non
934 747 994 793 sit
1037 746 1257 809 subjecto
1300 753 1384 792 aut
1431 746 1515 792 fini
1561 746 1732 792 homo-

334 845 560 891 geneum.
648 829 691 876 4.
735 828 951 890 Singulae
997 834 1161 889 partes
1203 829 1326 890 aptis
1368 829 1730 875 transitionibus

337 916 709 959 connectantur.

335 1162 523 1200 passages
553 1162 643 1199 may
673 1150 869 1186 illustrate
899 1148 967 1184 the
998 1148 1140 1197 image.
1186 1148 1278 1184 Eth.
1302 1147 1389 1183 Nic.
1412 1147 1466 1183 iii.
1490 1148 1523 1183 ὅ.
1553 1150 1608 1183 ll.
1641 1149 1732 1184 ἀλλὰ

336 1217 468 1262 θέμενοι
492 1216 593 1253 τέλος
619 1231 662 1257 τι,
689 1220 761 1252 πῶς
789 1217 841 1250 καὶ
870 1216 924 1250 διὰ
952 1215 1051 1249 τίνων
1078 1215 1176 1249 ἔσται
1205 1216 1387 1254 σκοποῦσι,
1409 1214 1463 1247 καὶ
1488 1214 1543 1248 διὰ
1567 1215 1733 1248 πλειόνων

335 1279 396 1324 μὲν
420 1279 625 1325 φαινομένου
649 1278 807 1325 γίνεσθαι
832 1279 886 1313 διὰ
910 1278 999 1314 τίνος
1024 1277 1137 1323 ῥᾶστα
1162 1278 1215 1311 καὶ
1241 1277 1412 1311 κάλλιστα
1430 1276 1669 1316 ἐπισκοποῦσι,
1690 1274 1731 1310 δι’

337 1343 410 1378 ἑνὸς
438 1341 467 1376 δ’
496 1341 755 1387 ἐπιτελουμένου
782 1344 854 1377 πῶς
881 1340 937 1375 διὰ
963 1338 1083 1374 τούτου
1111 1340 1209 1374 ἔσται
1237 1338 1367 1373 κάκεῖνο
1395 1338 1449 1372 διὰ
1476 1337 1576 1379 τίνος,
1605 1337 1667 1374 ἕως
1693 1338 1734 1372 ἂν

336 1403 488 1438 ἔλθωσιν
515 1403 570 1438 ἐπὶ
597 1403 636 1437 τὸ
663 1406 798 1449 πρῶτον
824 1400 941 1443 αἴτιον,
968 1400 986 1435 ὃ
1015 1401 1049 1435 ἐν
1076 1403 1116 1445 τῇ
1146 1400 1279 1447 εὑρέσει
1306 1401 1455 1445 ἔσχατόν
1481 1399 1587 1434 ἐστιν·
1624 1401 1643 1434 ὁ
1667 1400 1734 1446 γὰρ

337 1468 586 1511 βουλευόμενος
612 1467 699 1500 ἔοικε
728 1467 836 1509 ζητεῖν
863 1466 916 1499 καὶ
944 1463 1148 1499 ἀναλύειν
1175 1465 1293 1509 ὥσπερ
1322 1463 1516 1510 διάγραμμα
1534 1489 1541 1497 .
1559 1488 1568 1497 .
1584 1489 1592 1497 .
1617 1464 1670 1497 καὶ
1693 1464 1732 1497 τὸ

339 1530 488 1575 ἔσχατον
507 1530 542 1563 ἐν
562 1531 602 1573 τῇ
628 1527 842 1563 ἀναλύσει
865 1531 1001 1575 πρῶτον
1019 1528 1052 1562 ἐν
1072 1530 1111 1572 τῇ
1130 1528 1274 1574 γενέσει.
1305 1525 1397 1561 Eth.
1417 1525 1505 1561 Nic.
1521 1525 1569 1560 Vi.
1592 1526 1650 1561 13.
1672 1527 1730 1560 lO.

340 1593 371 1626 οἱ
395 1592 461 1639 γὰρ
487 1592 786 1638 συλλογισμοὶ
810 1595 876 1625 τῶν
898 1593 1054 1637 πρακτῶν
1072 1589 1181 1636 ἀρχὴν
1199 1589 1333 1635 ἔχοντές
1352 1589 1449 1630 εἶσιν,
1471 1589 1584 1634 ἐπειδὴ
1603 1590 1731 1624 τοιόνδε

339 1655 378 1689 τὸ
405 1654 506 1689 τέλος
534 1655 586 1688 καὶ
613 1656 652 1688 τὸ
679 1654 830 1700 ἄριστον.
875 1652 940 1688 vii.
969 1652 1003 1687 9.
1032 1654 1069 1687 4.
1108 1653 1143 1687 ἐν
1170 1653 1205 1687 δὲ
1233 1654 1306 1689 ταῖς
1331 1653 1481 1698 πράξεσι
1507 1654 1545 1687 τὸ
1573 1652 1612 1687 οὗ
1639 1652 1734 1687 ἕνεκα

340 1715 428 1763 ἀρχὴ
448 1717 566 1763 ὥσπερ
592 1716 627 1750 ἐν
650 1718 720 1752 τοῖς
742 1716 983 1761 μαθηματικοῖς
1006 1717 1040 1750 αἶ
1066 1715 1257 1751 ὑποθέσεις.
1313 1713 1375 1749 An
1398 1713 1578 1761 example
1600 1712 1643 1749 Of
1665 1713 1732 1750 the

343 1777 598 1814 deliberative
630 1777 708 1814 and
737 1778 925 1826 practical
955 1789 1164 1826 processes
1194 1777 1273 1813 will
1304 1777 1353 1813 be
1383 1776 1731 1826 found,.Metaph.

343 1841 392 1877 vi.
415 1844 448 1877 7.
472 1843 507 1877 7.

396 1904 457 1953 By
479 1903 675 1951 subjectum
702 1903 736 1940 is
765 1909 901 1940 meant
930 1904 998 1940 the
1024 1904 1220 1951 subjectum
1248 1905 1481 1952 operationis,
1508 1916 1552 1940 or
1577 1905 1735 1941 materia

342 1967 440 2003 eirca
471 1979 592 2014 quam,
623 1978 734 2003 more
767 1968 954 2016 properly
984 1967 1110 2003 called
1146 1967 1214 2003 the
1248 1968 1384 2015 object;
1423 1967 1471 2016 by
1502 1968 1635 2011 media,
1666 1967 1734 2004 the

342 2042 483 2067 means
511 2031 562 2080 by
582 2031 711 2067 which
734 2036 804 2068 out
824 2030 867 2068 of
889 2031 969 2067 this
990 2035 1135 2067 matter
1155 2031 1223 2068 the
1245 2031 1322 2068 end
1351 2031 1384 2068 is
1411 2031 1627 2079 produced.
1684 2031 1734 2067 In

343 2095 539 2144 building,
562 2107 594 2131 e.
612 2106 637 2143 g
670 2095 738 2131 the
760 2095 887 2131 house
915 2095 948 2132 is
976 2095 1043 2131 the
1063 2096 1154 2138 end;
1182 2095 1250 2132 the
1271 2096 1474 2133 materials
1495 2096 1563 2132 the
1582 2097 1736 2143 subject:

343 2159 411 2195 the
446 2163 508 2195 act
544 2158 588 2195 of
616 2158 812 2208 building,
848 2160 907 2195 the
939 2172 1075 2195 means.
1148 2159 1197 2195 In
1233 2159 1386 2202 Efflics,
1422 2171 1464 2196 as
1498 2159 1650 2196 treated
1684 2159 1736 2208 by

342 2222 545 2265 Aristotle‚
574 2223 794 2271 happiness
822 2224 855 2260 is
883 2224 950 2260 the
978 2225 1072 2265 end:
1106 2236 1198 2260 man
1227 2224 1295 2260 the
1322 2224 1479 2271 subject;
1512 2224 1639 2260 virtue
1668 2223 1735 2260 the

341 2299 478 2323 means.

399 2349 417 2372 ¹¹
452 2349 694 2397 Exemplum
726 2347 888 2385 evidens
918 2348 1098 2385 methodi
1133 2349 1340 2398 analyticae
1370 2349 1419 2386 ab
1449 2349 1665 2386 Aristotele
1694 2349 1736 2385 in

348 2412 504 2448 Ethicis
541 2411 791 2460 proponitur,
831 2411 900 2448 ubi
943 2412 1046 2449 libro
1084 2413 1215 2461 primo
1247 2414 1345 2460 finis
1382 2413 1735 2463 praecognoscitun

348 2476 501 2513 scilicet
521 2475 710 2517 felicitas;
747 2480 839 2523 post
865 2477 1072 2523 subjectam,
1097 2476 1289 2513 nimirum
1317 2477 1495 2513 hominis
1522 2477 1736 2525 appetituS,

349 2551 421 2575 seu
453 2539 651 2582 voluntas,
688 2544 728 2575 ot
761 2539 989 2575 intellectus
1007 2552 1014 2582 ;
1065 2541 1329 2588 sequentibus
1362 2541 1476 2577 libris
1509 2541 1631 2577 media
1666 2546 1736 2576 tra-

348 2602 510 2644 duntur,
545 2614 616 2651 per
649 2614 738 2650 quac
772 2602 865 2639 finis
903 2603 1182 2647 introducitur,
1213 2604 1399 2641 videlicet
1431 2605 1596 2641 virtutes
1631 2604 1738 2640 theo-

348 2667 481 2703 roticoe
512 2672 550 2702 et
580 2667 800 2714 p1·acticfc.''
856 2667 1151 2709 Keckermann,
1184 2668 1288 2717 Syst.
1318 2669 1417 2718 Log.
1446 2669 1512 2705 lib.
1544 2668 1596 2704 iii.
1627 2673 1674 2704 tr.
1703 2659 1738 2705 Q.

349 2741 430 2776 capv
460 2733 488 2765 l.
