1868 3117
696 225 999 257 RUDIMENTA.
1485 211 1546 256 65

706 507 848 556 CAP.
888 508 984 554 III.

418 611 496 660 De
521 612 807 676 Syllogz'smo
838 613 1118 677 Categorz'co
1139 630 1274 676 puro.

220 756 262 817 ξ.
293 754 333 801 1.
370 754 562 802 TERTIA
597 769 708 816 pars
748 754 945 816 Logicae
982 753 1080 815 agit
1121 753 1181 799 de
1220 752 1543 815 Argumento²

150 836 248 883 sive
296 836 596 899 Syllogz’smo,
638 836 771 898 quod
813 842 886 882 est
933 836 1122 897 signum
1171 835 1327 882 tertiae
1376 851 1544 898 opera-

150 916 293 963 tionis
339 917 644 972 intellectu83
711 934 885 980 nempe
938 918 1207 973 Discursus,
1255 917 1330 964 vel
1376 917 1543 964 Ratio-

149 999 316 1046 cim'zcm
342 999 757 1063 propositionibus
783 1016 1080 1063 expressum.

216 1084 396 1139 Quare,
423 1099 535 1130 cum
562 1082 843 1130 Discursusb
868 1084 929 1130 sit
960 1098 1244 1145 progressus
1278 1082 1453 1129 mentis
1480 1082 1539 1129 ab

149 1181 247 1211 uno
266 1165 449 1227 judicio
475 1165 536 1212 ad
569 1166 716 1221 aliud,
740 1165 1047 1228 perspicuum
1081 1170 1155 1211 est
1187 1164 1234 1210 in
1270 1181 1328 1211 eo
1363 1165 1539 1227 requiri

153 1247 193 1294 1.
231 1247 427 1310 Aliquid
450 1249 581 1295 unde
614 1248 856 1294 discursus
882 1247 1112 1293 ordiatur.
1184 1247 1228 1293 2.
1265 1246 1411 1293 Aliud
1442 1263 1540 1309 quo

147 1330 411 1392 perveniat.
470 1330 515 1377 3.
555 1331 627 1376 Ea
651 1330 716 1376 sic
742 1330 802 1376 ab
827 1329 1035 1377 invicem
1060 1330 1288 1391 pendere,
1309 1335 1363 1375 ut
1388 1345 1538 1376 unum

148 1427 209 1457 ex
245 1411 355 1467 alio,
381 1417 430 1457 et
462 1411 583 1457 alius
617 1411 661 1458 vi
692 1411 998 1465 innoteseat3
1039 1426 1178 1458 secus
1212 1410 1356 1465 enim,
1388 1426 1538 1457 unum

145 1499 256 1555 post
280 1493 409 1540 aliud
435 1509 748 1556 cognoscere,
774 1498 848 1540 est
873 1498 1067 1539 tanturn
1093 1508 1222 1555 saepe
1239 1491 1475 1554 judicare.

213 1577 341 1632 Jam,
383 1592 444 1622 ex
493 1592 590 1638 quo
633 1575 761 1622 aliud
810 1575 1207 1638 cognoscendum
1251 1579 1339 1630 est,
1380 1575 1752 1637 ipsumAnai.P0st.

148 1667 277 1706 certe
319 1658 654 1721 praecognosci
701 1657 876 1711 debet3
927 1664 975 1704 et
1016 1656 1218 1719 proinde
1262 1657 1397 1718 quasi
1438 1635 1675 1703 sineI'l'l'

148 1742 367 1789 discursu
403 1747 594 1796 notum,
624 1741 906 1796 antecedere,
930 1741 1063 1803 poni,
1092 1739 1355 1802 proemitti;
1392 1746 1440 1786 et
1477 1757 1538 1787 ex

147 1839 205 1871 eo
229 1823 472 1885 reliquum
498 1822 721 1878 concludi,
740 1822 917 1884 colligi,
936 1821 1102 1884 inferri
1126 1828 1174 1867 et
1199 1821 1327 1883 sequi
1350 1821 1539 1868 dicitur.

148 1905 238 1951 Est
262 1910 426 1950 autem
452 1903 634 1965 duplex
659 1904 980 1965 consequentia
996 1923 1012 1949 .-

220 1986 261 2032 1.
298 1985 606 2038 Materialis;
649 1985 844 2047 quando
882 2001 943 2030 ex
979 1984 1320 2031 Antecedente
1360 1985 1541 2031 Conse-

148 2084 302 2132 quens
347 2068 569 2123 infertur,
616 2067 718 2113 sola
770 2067 814 2112 vi
866 2066 1248 2121 Terminorum⁰,
1296 2083 1407 2128 quae
1467 2073 1540 2114 est

199 2231 212 2244 ³
240 2226 447 2273 Arqunzent
466 2225 500 2261 is
520 2229 593 2261 not
611 2224 796 2272 properly
818 2234 1092 2272 synonymous
1109 2223 1205 2259 with
1227 2223 1446 2272 syllogisin,
1467 2224 1538 2261 but

147 2288 241 2325 with
257 2288 325 2325 the
342 2287 494 2324 middle
514 2293 617 2324 term
634 2287 739 2336 only.
772 2286 848 2323 See
866 2286 1112 2323 Hamilton’s
1128 2286 1373 2330 Discussions,
1391 2299 1429 2335 p.
1450 2290 1535 2324 149.

198 2353 213 2372 ²·
243 2352 319 2389 See
339 2351 486 2394 before,
508 2363 547 2399 p.
569 2355 604 2388 5.
624 2356 719 2388 note
739 2350 777 2386 k.

199 2424 212 2438 ⁰
241 2416 331 2452 The
340 2417 448 2462 force
468 2416 511 2462 of
526 2417 585 2452 the
605 2423 712 2452 cerms
731 2415 842 2452 leads
864 2421 903 2451 to
925 2428 947 2451 a
973 2415 1209 2452 conclusion
1229 2416 1280 2465 by
1302 2417 1538 2466 suggesting

148 2483 187 2516 to
217 2478 285 2515 the
315 2478 428 2514 mind
457 2478 608 2514 certain
637 2478 859 2514 additional
887 2478 1019 2514 truths
1047 2479 1292 2528 concerning
1311 2479 1379 2515 the
1400 2479 1537 2528 things

148 2543 302 2591 spoken
337 2541 388 2584 of,
418 2542 548 2578 which
577 2554 642 2578 are
672 2548 744 2578 not
775 2543 881 2589 given
900 2541 943 2577 in
978 2541 1045 2577 the
1079 2542 1287 2589 premises.
1345 2542 1427 2577 But
1456 2542 1536 2579 this

146 2606 368 2644 additional
395 2605 630 2654 knowledge
660 2606 694 2641 is
721 2605 866 2653 clearly
887 2605 1152 2653 extralogical.
1210 2604 1286 2641 See
1310 2604 1534 2653 Appendix‚

144 2676 240 2708 note
260 2670 311 2706 D.
370 2670 459 2706 The
489 2676 620 2706 matter
649 2669 693 2706 of
716 2669 784 2706 the
815 2668 1021 2718 syllogism
1049 2669 1083 2705 is
1110 2668 1163 2705 all
1190 2668 1277 2705 that
1300 2669 1334 2705 is
1362 2670 1477 2718 given
1500 2677 1535 2706 to

144 2736 222 2771 ancl
243 2742 306 2772 out
325 2735 368 2781 of
383 2734 450 2771 the
473 2739 535 2771 act
554 2733 597 2770 of
620 2734 855 2782 reasoning:
887 2733 954 2770 the
970 2734 1077 2780 form
1099 2733 1132 2769 is
1152 2733 1257 2770 what
1278 2734 1310 2770 is
1335 2735 1535 2783 conveyed

829 2819 853 2847 F
