1868 3117
714 237 1020 269 RumMENTA.
1498 224 1560 269 69

236 355 280 401 2.
319 356 541 406 Quorum
574 370 726 401 unum
762 354 1007 408 convenit,
1041 353 1245 400 alterum
1280 352 1443 400 differt
1476 355 1560 400 uni

170 441 218 481 et
244 435 399 482 eidem
425 436 588 491 tertio,
613 453 670 482 ea
694 435 924 482 differunt
949 436 1075 481 inter
1100 451 1164 481 se.

233 517 278 564 3.
316 519 441 569 Quae
460 534 558 564 non
581 517 879 563 conveniunt
903 517 950 562 in
977 532 1077 563 uno
1098 516 1260 579 aliquo
1286 515 1559 578 eodemque

167 599 326 654 tertio,
351 615 408 645 ea
432 615 531 645 non
558 599 855 645 conveniunt
879 598 1007 645 inter
1030 614 1093 644 se.

234 680 390 726 Sunto
417 680 545 727 enim
571 681 614 726 A
635 687 681 726 et
703 681 760 735 C,
780 696 870 726 nec
893 679 1124 742 assignari
1148 680 1300 742 possit
1319 679 1558 741 ejusmodi

165 762 378 819 tertium,
404 763 535 825 Ergo
571 763 691 809 nihil
728 762 911 809 habent
948 778 1239 816 commune3
1294 764 1425 827 Ergo
1459 781 1556 812 non

168 845 467 892 conveniunt
490 846 617 892 inter
642 861 705 891 se.

236 927 279 974 4.
317 928 540 979 Quorum
564 928 725 974 neutri
748 928 876 974 inest
910 928 1043 990 quod
1075 944 1174 975 non
1209 929 1269 975 sit
1292 930 1339 976 in
1366 931 1476 987 alio,
1502 948 1560 979 ea

167 1025 264 1055 non
293 1008 525 1056 differunt
548 1009 673 1055 inter
699 1025 748 1055 se
759 1006 782 1055 i.

233 1092 276 1136 5.
316 1091 440 1142 Quae
467 1107 564 1137 non
604 1091 872 1154 probantur
898 1092 1158 1138 convenire
1190 1092 1237 1139 in
1269 1109 1368 1140 uno
1393 1094 1555 1156 aliquo

165 1174 437 1236 eodemque
462 1173 623 1229 tertio,
649 1189 706 1219 ea
729 1190 827 1220 non
853 1174 1121 1236 probantur
1146 1176 1406 1222 convenire
1430 1177 1557 1223 inter

166 1271 230 1301 se.
302 1255 524 1302 Dubitari
561 1255 688 1301 enim
729 1260 892 1318 potest
927 1262 1093 1302 utrum
1131 1256 1274 1303 detur
1317 1257 1555 1319 ejusmodi

165 1338 379 1393 tertium,
404 1343 451 1384 et
478 1338 715 1384 dubitatio
740 1337 832 1384 ista
856 1353 953 1383 non
981 1338 1182 1384 tollitur.

230 1420 274 1465 6.
313 1420 386 1466 De
434 1419 607 1481 quibus
653 1434 752 1465 non
800 1419 1051 1481 probatur,
1094 1421 1353 1467 convenire
1400 1439 1554 1470 unum

163 1501 319 1548 eidem
366 1501 507 1548 alicui
555 1501 698 1547 tertio
747 1501 823 1547 cui
871 1500 1076 1547 alterum
1127 1501 1304 1557 differt,
1352 1520 1409 1549 ea
1454 1521 1555 1551 non

165 1583 432 1645 probantur
457 1582 650 1629 differre
675 1583 801 1629 inter
826 1598 890 1629 se.
963 1583 1183 1630 Dubitari
1210 1585 1336 1631 enim
1374 1592 1554 1648 potest,

164 1669 325 1710 utrum
352 1664 494 1710 detur
517 1663 754 1726 ejusmodi
778 1663 994 1720 tertium,
1013 1665 1059 1711 h.
1079 1682 1118 1712 e.
1144 1671 1310 1713 utrum
1337 1667 1555 1716 alterutri

163 1745 277 1792 insit
314 1746 446 1807 quod
493 1762 590 1792 non
627 1751 701 1792 est
736 1745 784 1791 in
821 1745 1039 1807 reliquo:
1095 1753 1143 1793 et
1184 1747 1422 1797 dubitatio
1464 1752 1556 1799 ista

165 1843 263 1873 non
289 1825 519 1874 tolliturk.

216 1977 225 2002 i
255 1976 342 2013 The
363 1976 471 2013 third
492 1976 571 2013 and
591 1976 726 2013 fourth
754 1976 917 2014 Canons
944 1978 1067 2014 relate
1096 1983 1135 2015 to
1164 1980 1393 2018 conditione
1424 1983 1554 2020 under

163 2042 292 2078 which
314 2054 366 2078 no
388 2042 595 2090 syllogismi
616 2054 687 2077 ean
708 2042 819 2077 exist.
879 2048 900 2061 “
919 2042 1015 2079 Two
1037 2043 1185 2092 things,
1206 2045 1335 2081 which
1362 2046 1461 2083 have
1481 2053 1554 2084 not

163 2117 186 2142 a
204 2105 320 2152 point
336 2105 377 2141 in
398 2117 597 2147 common,
616 2117 681 2141 are
697 2105 836 2154 totally
853 2105 1052 2142 distinct.'’
1110 2108 1239 2144 “Two
1257 2109 1406 2159 things,
1425 2111 1554 2148 which

163 2168 262 2204 have
282 2172 355 2204 not
375 2180 397 2204 a
415 2168 531 2216 point
551 2167 595 2204 of
611 2166 835 2209 difference,
855 2180 920 2204 are
940 2168 1372 2219 undistinguishable.'’
1427 2173 1510 2211 But
1525 2175 1558 2211 is

161 2232 273 2269 there
294 2232 328 2268 13
348 2244 401 2268 no
423 2232 521 2268 such
542 2232 667 2280 point,
690 2232 802 2268 there
823 2233 856 2268 13
877 2244 930 2269 no
952 2232 1103 2270 middle
1124 2239 1239 2278 term,
1258 2236 1338 2272 and.
1354 2237 1553 2275 therefore

162 2309 216 2333 no
238 2297 457 2346 syllogism.

215 2360 230 2380 κ
260 2360 347 2397 The
376 2359 465 2397 fifth
494 2360 574 2397 and
604 2361 709 2397 sixth
739 2360 901 2398 Canons
931 2362 1054 2398 relate
1088 2367 1128 2399 to
1163 2363 1391 2401 conditions
1421 2365 1552 2402 under

165 2424 293 2460 which
329 2436 382 2460 no
422 2424 629 2473 syllogism
668 2426 751 2461 does
789 2426 901 2462 exist.
974 2425 1055 2462 “If
1091 2438 1144 2463 no
1183 2427 1298 2474 point
1334 2428 1407 2465 has
1446 2429 1549 2466 been

161 2487 361 2536 assigned,
392 2488 571 2524 whether
599 2487 644 2524 of
673 2493 905 2537 agreement
933 2501 978 2525 or
1007 2489 1257 2527 difference.'’
1312 2492 1395 2528 But
1428 2491 1462 2527 if
1491 2504 1548 2535 so,

161 2553 274 2590 there
294 2553 328 2588 is
348 2563 401 2588 no
423 2551 642 2600 syllogism.

217 2617 359 2653 Hence
389 2615 502 2652 these
532 2614 621 2651 four
649 2619 796 2651 cannot
824 2615 873 2652 be
903 2615 1031 2652 called
1062 2614 1225 2652 Ganons
1255 2616 1299 2653 of
1328 2617 1547 2667 syllogismi.

163 2681 278 2730 They
307 2692 399 2728 may
427 2679 476 2715 be
510 2678 653 2721 useful,
689 2679 881 2721 however,
913 2678 972 2716 for
1007 2679 1240 2728 examining
1274 2680 1340 2716 the
1376 2681 1549 2731 illogical

162 2744 359 2792 positions
382 2743 426 2779 of
441 2755 490 2780 an
512 2748 729 2791 opponent.
