1852 3137
296 244 385 289 100
813 257 950 288 Anrls
978 257 1160 288 Looicsfi
1203 278 1209 282 .

290 373 583 427 falsissimus,
615 388 723 418 cum
766 373 941 418 habeat
982 372 1197 433 quinque
1231 371 1475 416 terminos.
1548 368 1674 415 Nam

292 471 352 500 ex
401 454 712 500 conclusione
759 459 892 515 patet
939 453 1072 515 quod
1123 452 1278 515 major
1324 452 1558 498 terminus
1605 457 1679 497 est

277 536 413 596 jubet
432 535 716 581 Ludovloztm
736 535 875 581 XIV
886 535 1121 589 honorari,
1138 541 1185 580 et
1202 535 1360 580 minor
1380 533 1484 580 Lex·
1499 532 1680 579 divina:

294 633 408 677 ergo
457 616 613 662 minor
668 616 940 678 Propositio
989 616 1093 661 Lex
1142 616 1297 662 divina
1337 615 1474 676 jabet
1528 614 1684 676 Reges

294 698 514 744 honorari
529 715 546 743 ε’
583 713 697 758 ergo
725 697 918 743 Medius
943 698 1178 743 terminus
1201 697 1339 758 jubet
1362 696 1518 758 Reges
1542 696 1682 741 leono-

292 780 426 826 rari:
479 795 593 840 ergo
643 778 803 840 Major
852 779 1123 840 Propositio
1171 778 1337 824 debuit
1384 794 1503 832 esse,
1548 777 1687 831 Quod

279 861 416 921 jubet
443 861 595 923 Reges
641 860 876 914 honorari,
895 860 1031 920 jubet
1064 859 1346 905 Ludovicum
1381 858 1520 903 XIV
1545 858 1685 904 leono-

295 942 426 994 rari;
485 948 533 986 et
580 946 681 985 tum
732 940 913 986 valeret
963 939 1312 1001 Syllogismus3
1370 955 1458 985 nec
1508 939 1685 984 redun-

293 1023 463 1068 darent
507 1022 603 1068 duo
642 1021 848 1076 termini,
886 1022 967 1082 qui
1008 1021 1056 1066 in
1099 1021 1312 1067 secunda
1352 1020 1683 1082 propositione

285 1105 386 1165 jam
411 1103 707 1150 redundant.

361 1187 412 1231 P.
456 1185 561 1231 166.
601 1184 946 1247 Syllogismum
979 1184 1108 1230 hunc
1142 1184 1428 1246 improbat¹,
1452 1184 1685 1230 Debemus

295 1268 477 1314 credere
503 1266 788 1324 Scriptzcroe:
834 1266 1044 1311 Traditio
1062 1283 1150 1311 non.
1169 1274 1236 1312 est
1262 1265 1537 1327 Scriptura:
1569 1281 1684 1327 ergo

294 1366 382 1395 non
429 1349 637 1394 debemus
678 1348 863 1394 credere
917 1348 962 1393 T
958 1347 1214 1400 raditioni;
1268 1347 1379 1408 quia
1425 1363 1534 1392 eum
1585 1346 1683 1392 scil.

294 1429 514 1492 imperite
555 1428 744 1474 reducit
791 1428 852 1474 ad
899 1428 1120 1489 primam,
1160 1444 1269 1473 cuin
1319 1433 1481 1473 tamen
1530 1427 1687 1489 Syllo-

295 1511 477 1571 gismus
512 1509 810 1572 apertissime
843 1508 937 1554 hoc
964 1508 1092 1554 dicat
1117 1508 1162 1553 in
1190 1507 1419 1562 secunda,
1449 1507 1685 1569 Objectum

279 1592 405 1653 fidei
429 1591 595 1637 divinoe
630 1598 696 1636 est
732 1589 1013 1651 Scriptura:
1063 1589 1275 1635 Traditio
1309 1606 1397 1635 non
1429 1597 1496 1635 est
1529 1589 1691 1650 Scrip-

299 1682 407 1720 tura
423 1691 440 1726 ;
477 1688 592 1733 ergo
626 1671 838 1718 Traditio
863 1687 952 1717 non
976 1679 1043 1717 est
1073 1671 1442 1733 Objeotzcmfidet'
1466 1672 1644 1718 divina),

370 1754 554 1800 Ibidem
589 1753 810 1814 imperite
845 1759 1068 1798 autumat
1105 1752 1449 1814 Syllogismum
1484 1769 1691 1815 sequen-

299 1842 417 1891 tem,
458 1836 504 1881 in
549 1850 646 1896 quo
690 1850 857 1879 omnes
904 1834 1260 1896 propositiones
1304 1834 1525 1881 videntur
1567 1835 1692 1881 affir-

301 1918 510 1972 mativae,
536 1931 640 1962 esse
665 1916 713 1962 in
739 1915 953 1961 secunda
975 1933 985 1968 3
1024 1916 1201 1963 salvari
1233 1932 1365 1971 vero,
1390 1917 1503 1977 quia
1535 1917 1692 1963 minor

303 2014 446 2045 sensu
475 1997 737 2051 exclusiva,
763 1997 1036 2059 negativam
1061 1997 1108 2042 in
1136 2013 1185 2043 se
1212 1998 1475 2044 contineat.
1546 1998 1692 2049 Quod

304 2081 341 2126 si
370 2081 497 2142 ipsos
534 2078 810 2140 Syllogismi
845 2079 1077 2124 terminos
1110 2079 1198 2125 rite
1233 2079 1516 2140 dignoscere
1553 2086 1695 2142 potu-

304 2162 436 2216 isset,
473 2160 667 2205 vidisset.
708 2176 823 2206 sane
862 2160 1204 2221 Syllogismum
1247 2177 1351 2206 esse
1391 2161 1438 2206 in
1482 2161 1694 2207 Barbara

307 2241 608 2304 transpositis
627 2241 899 2303 praemissis,
920 2258 960 2287 v.
978 2257 1022 2302 g.
1042 2242 1205 2287 Bonus
1224 2242 1399 2288 Pastor
1416 2251 1483 2288 est
1495 2251 1696 2304 paratus

309 2324 508 2369 animam
541 2338 713 2383 ponere
745 2338 834 2382 pro
870 2323 1056 2375 nothum
1100 2323 1248 2369 Pauci
1281 2324 1364 2370 hoc
1396 2326 1562 2371 soecztlo
1593 2334 1698 2372 stc-nt

366 2498 377 2511 ¹
408 2492 667 2540 Sylloyisnwm
689 2492 785 2527 Immo
807 2492 997 2538 improbat.
1056 2492 1103 2527 In
1122 2493 1201 2528 this
1220 2493 1410 2535 instance,
1429 2495 1459 2530 it
1476 2494 1508 2530 is
1526 2494 1698 2543 scarcely

311 2568 521 2603 necessary
544 2561 582 2589 to
605 2554 768 2590 observo
790 2555 876 2590 that
897 2555 962 2591 the
987 2555 1224 2604 port-Royal
1246 2556 1459 2605 Logicians
1488 2569 1553 2594 are
1581 2557 1699 2606 right,

313 2620 391 2656 and
434 2619 593 2655 Aldrieh
626 2620 657 2654 is
690 2630 833 2667 wrong.
904 2619 991 2655 The
1032 2621 1204 2667 promise
1246 2620 1341 2656 does
1380 2626 1452 2657 not
1488 2628 1579 2657 state
1617 2621 1703 2656 that

313 2684 468 2729 nothing]
490 2685 549 2717 hut
571 2682 757 2728 Scriptura
778 2683 810 2717 is
833 2687 871 2717 to
895 2682 941 2716 lie
965 2682 1165 2721 believed:
1198 2683 1275 2719 and
1299 2683 1493 2719 therefore
1524 2684 1589 2718 the
1613 2695 1700 2719 con-

316 2746 468 2781 clusion
492 2745 624 2780 ‹lrawn
648 2745 679 2779 is
702 2745 885 2791 illogical.
