1852 3137
317 209 409 254 122
836 222 973 254 ART1s
1000 221 1182 254 LoelcAE

312 339 519 387 Scientia
558 339 714 385 omnis
754 343 827 385 est
874 338 1092 401 Cognitio
1134 339 1203 385 rei
1242 356 1330 401 per
1371 353 1573 391 causam,
1615 335 1700 382 sed

302 422 497 485 proprie
532 422 657 469 dicta
691 436 777 483 per
808 420 1067 483 propriam,
1100 420 1147 467 h.
1173 436 1213 468 e.
1245 421 1541 483 proximam:
1586 433 1700 464 nam

309 520 398 566 per
420 508 656 550 remotam
687 503 784 550 Car
814 503 875 550 sit
907 503 1210 565 aliquatenus
1243 503 1544 557 ostenditur3
1583 501 1701 548 nihil

310 586 515 650 amplius
541 602 686 648 quam
716 586 857 641 Quod
875 586 936 632 sit
961 586 1335 633 demonstratur.

377 668 645 730 Utriusque
663 667 849 730 Speciei
865 668 1082 714 membra
1100 668 1254 730 gradu
1271 668 1515 715 differunt.
1569 667 1698 714 Nam

312 751 509 815 obliqua
541 745 614 798 ὅτι
650 757 723 798 est
756 751 965 798 deterior
1003 752 1202 808 directa,
1227 753 1340 814 quia
1371 768 1470 798 non
1501 752 1702 798 demon-

311 840 431 881 strat
453 851 549 881 rem
574 834 642 880 ita
667 849 776 888 esse,
801 833 891 879 nisi
917 838 1158 894 quatenus
1184 833 1327 880 docet
1360 850 1460 880 eam
1492 833 1631 880 aliter
1654 849 1701 879 se

311 917 477 963 habere
524 932 614 962 non
652 931 789 973 posse
803 933 821 969 ;
880 915 1013 977 quod
1059 916 1252 962 tametsi
1299 915 1472 963 eodem
1518 915 1701 970 redeat,

310 1004 474 1045 tamen
523 997 683 1043 animo
732 997 891 1044 minus
939 997 1196 1053 satisfacit3
1256 1014 1370 1044 nam
1418 998 1456 1044 si
1508 1014 1595 1060 par
1641 997 1702 1043 sit

311 1079 573 1141 utrobique
600 1078 873 1135 CertitudO,
898 1078 1042 1142 hujus
1066 1086 1232 1126 tamen
1263 1080 1421 1126 minor
1447 1078 1703 1126 Evidentia

312 1166 428 1208 estP.

98 1256 273 1329 IAIn-llg’ost·
382 1244 548 1291 Habet
581 1249 630 1290 et
666 1236 810 1290 Διότι
846 1259 958 1290 Suos
994 1243 1202 1306 gradus;
1241 1244 1354 1306 quia
1401 1250 1562 1307 potest
1598 1260 1701 1291 esse

142 1322 148 1329 ’
211 1322 217 1329 ’
313 1342 458 1374 causa
499 1326 722 1389 proxima
757 1341 868 1388 quae
909 1341 1007 1371 non
1050 1331 1123 1371 est
1154 1326 1328 1388 prima,
1366 1326 1412 1373 h.
1450 1343 1491 1373 e.
1529 1342 1614 1389 per
1651 1342 1701 1372 se

312 1414 431 1455 nota
477 1414 524 1455 et
571 1406 1042 1455 indemonstrabilis:
1103 1407 1240 1470 cujus
1286 1407 1395 1454 ideo
1447 1407 1704 1470 praefertur

313 1490 587 1545 Evidentia,
613 1490 726 1551 quia
751 1489 947 1550 (contra
971 1505 1118 1550 quam
1145 1490 1360 1551 caeterae)
1388 1505 1475 1535 sua
1499 1489 1608 1535 luce
1629 1495 1702 1535 est

312 1572 591 1634 conspicua,
633 1576 681 1617 et
723 1570 841 1617 nihil
886 1570 1071 1633 indiget
1119 1571 1289 1618 aliena.
1361 1571 1542 1627 Quare,
1590 1587 1701 1634 quae

313 1796 418 1826 cont.
454 1790 490 1825 9.
551 1788 692 1825 Hence
727 1788 795 1825 the
826 1788 1030 1837 following
1063 1789 1268 1836 specimen
1307 1789 1351 1826 of
1384 1802 1407 1826 a
1440 1791 1701 1827 demonstratio

306 1853 500 1899 potissima
513 1867 523 1889 :

581 1938 695 1974 Omne
716 1939 860 1974 animal
879 1938 1065 1974 rationale
1085 1945 1134 1974 est
1154 1939 1290 1974 risibile
1302 1953 1314 1980 ,-

579 2002 706 2038 Omnis
726 2002 833 2038 homo
854 2008 904 2037 est
923 2002 1068 2037 animal
1086 2002 1273 2038 rationale
1285 2016 1296 2043 ,·
1326 2014 1418 2051 ergo

579 2065 707 2102 Omnis
727 2066 834 2102 homo
855 2072 905 2102 est
923 2066 1086 2103 risibilis.

314 2150 403 2199 Any
434 2150 683 2199 subsequent
714 2150 1035 2187 demonstration
1065 2150 1167 2187 from
1199 2150 1279 2186 this
1312 2151 1570 2193 conclusi0n;
1613 2163 1646 2187 e.
1668 2162 1704 2200 g.

317 2215 444 2252 Omnis
481 2216 732 2263 Philosophus
778 2222 828 2251 est
874 2216 1006 2255 homo:
1052 2226 1145 2264 ergo
1192 2216 1321 2252 Omnis
1364 2215 1616 2263 Philosophus
1658 2222 1708 2252 est

314 2279 488 2319 risibilis;
534 2279 665 2315 would
703 2279 752 2315 be
785 2291 853 2325 per
886 2291 1036 2314 causam
1069 2280 1292 2325 proximam,
1327 2280 1387 2315 sed
1421 2292 1495 2315 non
1527 2281 1704 2326 primam.

314 2342 510 2379 VVhether
537 2343 617 2378 this
645 2342 880 2378 distinction
913 2354 985 2378 can
1006 2341 1119 2390 fairly
1142 2342 1190 2378 be
1222 2342 1355 2378 traced
1383 2348 1422 2379 to
1450 2343 1641 2379 Aristotle
1671 2343 1705 2379 is

316 2406 607 2454 questionable.
662 2406 783 2443 Some
799 2405 953 2442 further
969 2407 1147 2443 remarks
1165 2407 1243 2443 will
1259 2407 1308 2444 be
1326 2407 1462 2451 found,
1481 2407 1703 2457 Appendix,

316 2474 410 2505 note
433 2469 483 2505 K.

371 2540 384 2559 Ρ
415 2533 523 2569 Here
554 2545 609 2570 we
638 2534 736 2570 have
764 2546 787 2570 a
813 2533 919 2570 third
947 2533 1139 2582 meaning
1159 2533 1202 2569 of
1227 2534 1421 2570 evidentia.
1479 2533 1518 2570 It
1544 2534 1577 2571 is
1605 2546 1705 2577 now,

316 2602 388 2633 not
408 2598 475 2633 the
497 2597 752 2633 evidentness
774 2597 817 2633 of
841 2610 864 2634 a
888 2597 1133 2645 proposition.
1156 2598 1228 2634 but
1254 2598 1341 2634 that
1360 2597 1404 2634 of
1428 2610 1450 2634 a
1470 2598 1705 2635 Demonstra-

317 2662 417 2702 tion,·
448 2661 470 2696 i.
490 2674 521 2697 e.
546 2661 612 2697 the
634 2662 834 2698 clearness
857 2662 899 2698 of
924 2663 1161 2698 connection
1193 2662 1371 2698 between
1403 2662 1597 2709 premises
1627 2661 1704 2698 and

317 2725 562 2761 conclusion.
