1852 3137
330 251 421 297 14&
888 267 1145 296 APPENmX.

395 382 624 443 Congrue
650 382 864 443 loquere,
893 381 1178 443 Chrysippe,
1204 387 1251 426 et
1277 380 1514 442 intelliges
1543 381 1613 427 Te
1641 379 1715 425 vel

327 464 447 510 nihil
472 481 685 527 prorem,
707 465 780 510 vel
805 464 924 510 nihil
949 464 1108 510 dicere
1133 464 1340 510 difficile.
1400 463 1495 515 Qui
1522 479 1571 509 se
1598 462 1715 509 dicit

328 547 577 601 mentitum,
603 553 650 592 et
684 562 850 592 verum
883 546 1013 601 dicit,
1045 547 1257 592 mentitus
1289 554 1386 599 est;
1435 545 1527 599 Qui
1559 543 1717 590 menti-

329 637 496 683 tnrnm,
520 629 775 675 mentietur.
851 628 1040 674 Horum
1075 635 1336 690 utrumque
1361 643 1528 674 verum
1554 632 1642 681 est,
1667 631 1716 672 et

328 710 509 755 nemini
542 709 817 756 obscurum.
889 710 981 756 Sed
1015 711 1096 771 qui
1129 715 1183 756 ut
1215 725 1381 755 verum
1417 708 1557 754 simul
1589 707 1718 753 dicat

329 797 378 838 et
411 791 673 837 mentiatur
706 791 821 837 dicit
853 807 1005 836 unum
1038 790 1234 852 aliquid,
1268 789 1405 851 cujus
1437 796 1598 851 partes
1631 788 1718 834 sibi

327 873 531 919 invicem
574 872 931 927 contradicunt,
966 872 1004 918 is
1042 888 1132 917 nec
1175 888 1360 927 verum,
1398 888 1486 917 nec
1527 871 1718 925 falsum,

329 955 414 1001 sed
456 955 653 1000 omnino
696 954 814 1000 nihil
856 954 1000 1000 dicit:
1057 954 1251 1016 quando
1294 954 1421 1000 enim
1464 953 1717 1000 sententiae

330 1053 439 1098 pars
473 1053 569 1082 una
602 1036 772 1083 evertit
805 1037 1022 1091 alteram,
1057 1043 1160 1082 tota
1193 1036 1311 1082 nihil
1347 1051 1545 1098 prorsus
1578 1035 1720 1098 signi-

330 1118 459 1173 ficat,
485 1118 568 1164 sed
592 1118 801 1164 inaniter
826 1118 1010 1180 strepit.

399 1199 630 1246 Subtilius
668 1199 912 1262 disputare
950 1199 1238 1246 videbantur
1276 1200 1357 1261 qui
1394 1199 1459 1246 sic
1497 1199 1721 1261 agebant.

336 1281 575 1328 Cretenses
608 1298 703 1328 esse
732 1282 970 1328 mendaces
1004 1282 1116 1328 dicit
1149 1282 1446 1343 Epimenides
1475 1280 1719 1327 Cretensis.

331 1364 568 1411 Mentitur
599 1364 781 1427 igitur;
825 1364 955 1425 Ergo
990 1364 1075 1410 Illi
1109 1373 1214 1410 snnt
1249 1380 1431 1410 veraces
1445 1382 1464 1417 ,·
1513 1364 1645 1425 Ergo
1678 1370 1723 1409 et

331 1446 424 1492 Ille
447 1462 600 1492 verum
626 1446 767 1499 dicim
805 1446 936 1507 Ergo
964 1445 1049 1491 Illi
1072 1462 1232 1492 rursus
1255 1453 1361 1491 sunt
1385 1445 1621 1491 mendaces
1641 1445 1723 1490 διο.

333 1528 428 1574 Sed
458 1527 676 1589 profecto
704 1526 822 1572 nihil
848 1527 1042 1573 stultius
1067 1535 1139 1573 est
1166 1527 1258 1573 hoc
1285 1528 1607 1588 Argumento,
1632 1526 1723 1572 nisi

332 1624 428 1655 vox
469 1608 709 1655 Cretenses
750 1625 832 1655 eos
876 1609 936 1655 ad
980 1625 1129 1655 unum
1175 1624 1343 1654 omnes
1386 1608 1639 1670 significet,
1676 1615 1723 1654 et

335 1690 505 1737 Omnis
529 1690 742 1736 mendax
768 1690 1000 1752 quicquid
1026 1691 1139 1736 dicit
1165 1688 1459 1737 mentiaturs.

388 1771 603 1821 Videtur
646 1771 722 1817 hic
765 1772 1002 1817 Mentiens
1043 1772 1286 1833 peperisse
1328 1771 1549 1817 subtilem
1593 1770 1724 1817 illam

337 1853 749 1899 Scholasticorum
777 1854 831 1899 de
852 1853 1181 1899 Insolnbilibus
1206 1852 1492 1899 doctrinam.
1546 1859 1575 1877 “
1596 1853 1722 1899 Nam

336 1940 366 1960 “
386 1934 501 1980 talia
525 1941 813 1995 argumenta
841 1934 1021 1996 (inquit
1046 1934 1235 1995 Oeeam)
1263 1950 1360 1980 non
1391 1941 1594 1996 possunt
1625 1933 1726 1980 fieri

336 2022 366 2041 “
387 2016 475 2062 nisi
502 2016 698 2077 quando
734 2022 871 2062 actus
905 2016 1147 2062 humanus
1180 2017 1372 2078 respicit
1396 2016 1539 2062 istum
1569 2016 1730 2062 termi-

338 2105 365 2122 “
387 2114 501 2143 num
528 2098 732 2153 Falsum,
759 2097 832 2144 vel
859 2097 1069 2159 aliquem
1096 2098 1394 2143 consimilem
1421 2097 1729 2152 affirmative;

341 2186 370 2205 “
392 2180 467 2226 vel
485 2180 616 2226 hunc
634 2180 895 2225 terminum
920 2179 965 2225 V
960 2179 1187 2234 erum,vel
1204 2179 1412 2240 aliquem
1432 2179 1731 2226 consimilem

342 2267 372 2286 “
393 2261 682 2322 negativegff’
754 2261 873 2306 Esse
909 2260 1014 2305 haec
1042 2260 1338 2321 Soplzismata
1371 2267 1481 2306 ante
1512 2260 1729 2314 dixerat3

344 2358 433 2387 nec
482 2341 639 2386 vocari
684 2341 975 2394 Insolabz'lia,
1022 2346 1050 2364 “
1077 2341 1190 2401 quia
1235 2341 1370 2387 nullo
1419 2341 1564 2387 modo
1612 2341 1732 2388 solvi

346 2430 374 2448 “
394 2429 614 2485 possunt,
640 2422 725 2468 sed
752 2422 864 2483 quia
889 2438 999 2467 cum
1026 2422 1311 2468 difficultate
1337 2423 1631 2470 solvuntur.”

401 2574 411 2595 f
437 2572 536 2609 This
566 2570 724 2618 Fallacy
752 2570 784 2605 is
812 2569 946 2605 solved
976 2569 1024 2617 by
1052 2569 1176 2611 Frics,
1202 2572 1234 2615 ᾧ.
1261 2571 1346 2606 109.
1403 2573 1435 2605 Α
1462 2582 1555 2606 man
1584 2570 1669 2606 who
1697 2570 1732 2606 is

347 2638 482 2683 (dionys
509 2647 532 2670 a
557 2634 630 2670 liar
657 2637 805 2669 cannot
832 2632 1009 2680 possibly
1035 2644 1101 2680 say
1126 2644 1170 2668 or
1197 2633 1318 2681 imply
1342 2632 1400 2668 “I
1428 2633 1527 2675 lio;''
1564 2632 1624 2669 for
1650 2633 1731 2670 this

347 2699 475 2735 would
498 2699 545 2733 be
567 2710 589 2733 a
610 2697 730 2738 truth,
753 2696 831 2732 ancl
855 2696 946 2731 thus
967 2696 1017 2731 hc
1040 2696 1167 2733 would
1190 2702 1260 2732 not
1280 2697 1328 2732 be
1350 2697 1491 2745 always
1513 2709 1534 2732 a
1553 2697 1638 2733 liar.

400 2770 412 2791 ε
442 2761 600 2804 Oceani,
622 2760 774 2807 Loyim,
798 2759 851 2794 iii.
874 2761 908 2794 3.
931 2772 1013 2806 cap.
1039 2762 1098 2794 45.
