1868 3117
712 243 967 274 APPENDIX.
1442 229 1533 278 147

145 358 356 420 ciperet3
404 359 659 421 reliquum,
685 375 796 405 cum
821 358 1082 421 discipulus
1107 374 1303 405 causam
1329 359 1531 406 vicisset.

144 440 352 487 Primam
397 441 570 487 exinde
610 440 744 487 litem
787 456 898 486 cum
942 439 1191 502 Discipulo
1229 445 1532 486 contestatus

143 527 216 567 est
241 522 492 585 Magister,
518 539 626 569 cum
654 522 890 569 mercedis
914 521 1156 583 reliquum
1181 522 1286 584 lege
1311 528 1528 584 pete1·et;

141 603 270 665 apud
296 604 325 649 J
330 604 493 650 udices
518 621 631 650 vero
657 604 723 650 sic
749 604 952 666 agebat:
992 604 1106 666 Ego
1130 604 1171 650 si
1193 604 1358 659 vicero,
1386 604 1531 659 Tisia,

148 685 194 731 T
190 702 218 731 u
242 686 386 732 solves
409 703 467 732 εχ
490 686 730 741 sententia,
754 686 825 732 sin
853 686 1015 741 minus,
1040 702 1099 731 ex
1123 694 1266 748 pacto
1282 704 1301 739 ;
1337 694 1531 748 utroque

138 766 286 829 igitur
318 769 449 815 modo
481 770 741 815 solvendam
773 776 852 815 est.
925 768 1195 830 Respondit
1221 768 1389 822 TisiaS,
1414 769 1528 831 Ego

139 849 258 895 nillil
284 851 408 896 solvo
424 869 442 904 ;
491 851 562 897 Tu
592 852 631 897 sz'
661 851 837 905 viceris,
869 866 928 896 6oe
954 858 1099 912 pacto
1115 868 1133 904 ;
1174 850 1244 896 sin
1276 851 1438 906 minus,
1471 868 1529 897 ex

137 931 377 977 sententia.
455 931 613 977 Tanto
651 931 876 992 utrinque
912 930 1134 976 acumine
1170 930 1377 992 perculsi
1414 931 1527 977 boni

128 1013 333 1074 judices,
373 1014 706 1060 exclamarunt
750 1012 917 1059 Κακοῦ
959 1006 1184 1075 Κόρακος
1225 1007 1375 1060 κακὸν
1414 1008 1525 1072 ὠόν,

137 1111 431 1157 causamque
455 1096 502 1142 in
529 1096 862 1157 longissimum
888 1097 1013 1142 diem
1040 1096 1346 1143 distulerunt.

205 1177 434 1239 Ineptum
469 1184 572 1224 erat
599 1178 794 1224 Coracis
830 1178 1071 1224 Dilemma
1095 1178 1208 1239 quia
1240 1178 1401 1240 potuit
1425 1184 1526 1224 tam

135 1257 259 1304 bene
291 1259 577 1321 retorqueri.
648 1259 977 1306 Nihilominus
1003 1259 1174 1306 callide
1199 1260 1388 1322 agebat,
1413 1261 1451 1307 si
1478 1260 1526 1306 id

135 1340 332 1386 Judices
375 1341 618 1387 vidissent.
707 1341 834 1387 Nam
878 1358 988 1388 cum
1037 1342 1311 1388 mercedem
1361 1342 1525 1404 inique

133 1427 338 1484 peteret,
354 1438 500 1468 causa
516 1422 688 1468 cadere
705 1422 938 1476 debebat;
968 1422 1343 1484 Quamprimum
1359 1430 1523 1469 autem

133 1503 400 1559 cecidisset,
425 1503 466 1549 ei
493 1519 676 1550 merces
701 1520 762 1550 ex
787 1510 933 1567 pacto
960 1503 1241 1550 debebatur.

1483 1662 1503 1692 d

202 1671 247 1732 ξ.
271 1670 315 1716 6.
353 1669 397 1716 4.
434 1670 697 1716 MENTIENS
737 1669 819 1731 qui
849 1675 921 1715 est
955 1670 1127 1716 Graece
1159 1662 1474 1729 Ψευδόμενος
1506 1681 1665 1753 ,Ξῗριιᾞ

1581 1733 1641 1754 ene
1671 1746 1677 1753 -

134 1751 391 1814 Chrysippi
422 1751 740 1813 Syllogismus
772 1767 833 1796 ne
865 1751 924 1796 ab
958 1751 1061 1813 ipso
1088 1752 1283 1813 quidem
1318 1752 1520 1808 solutus,
1534 1768 1603 1838 {fib
1605 1769 1695 1838 &Nic

132 1838 310 1894 praeter
341 1839 544 1879 caeteros
576 1831 843 1878 insolubilis
872 1832 1094 1878 habetur.
1166 1833 1294 1878 Eum
1322 1833 1707 1882 Ciceroevnsss.

132 1915 198 1961 sic
238 1915 488 1961 enuntiat:
533 1914 587 1960 Si
625 1914 738 1960 dicis
784 1913 829 1959 T
825 1930 848 1959 e
884 1915 1083 1969 mentiri,
1123 1923 1167 1961 et
1201 1931 1354 1960 verum
1390 1915 1520 1970 dicis,

130 1996 368 2050 mentiris;
428 1995 525 2042 Sed
569 1996 683 2042 dicis
732 1995 796 2041 Te
842 1995 1040 2050 mentiri,
1083 2004 1127 2041 et
1172 2012 1324 2042 verum
1373 1997 1520 2049 dicis,-

128 2079 333 2125 mentz'ris
355 2078 517 2140 igitur.

178 2235 194 2257 ‘¹
223 2234 324 2271 This
351 2234 383 2270 F
387 2234 510 2282 allacy
531 2234 564 2270 is
586 2233 802 2270 attributed
824 2238 863 2269 to
884 2232 1109 2269 Eubulides
1134 2232 1178 2268 of
1201 2233 1378 2269 Miletus.
1439 2234 1513 2271 See

126 2299 260 2335 Laert.
276 2299 316 2334 ii.
335 2300 419 2334 138.
465 2297 504 2333 It
524 2298 558 2333 is
579 2296 813 2334 mentioned
833 2297 885 2345 by
900 2296 1103 2338 Aristode,
1126 2296 1220 2332 Eth.
1238 2296 1325 2334 Nic.
1342 2297 1405 2332 vii.
1424 2299 1459 2333 3.
1478 2300 1513 2333 8.

127 2362 206 2399 and
227 2362 516 2410 consequently
535 2366 644 2397 must
662 2361 711 2397 be
733 2360 846 2396 older
864 2360 962 2396 than
985 2359 1248 2408 Chrysippus.
1301 2360 1380 2396 For
1402 2372 1512 2397 some

124 2423 304 2461 remarks
323 2435 434 2471 upon
454 2423 495 2464 it,
518 2434 584 2459 see
606 2422 748 2471 Hegel,
773 2422 901 2458 Gesch.
923 2422 988 2457 der
1008 2422 1258 2468 Philosophia,
1280 2422 1416 2464 Werlce,
1438 2423 1510 2458 xiv.

153 2516 162 2525 .
185 2489 272 2524 116.

122 2501 148 2536 p
176 2558 191 2575 e
219 2550 339 2586 Acad.
361 2550 513 2595 Quaest.
530 2549 577 2585 iv.
596 2551 658 2585 30.
702 2548 761 2584 Its
783 2548 958 2584 solution
979 2548 1012 2584 is
1034 2548 1212 2583 obvious.
1256 2548 1318 2583 No
1340 2559 1416 2583 one
1436 2559 1510 2583 can

119 2614 174 2650 lie
203 2613 371 2649 without
398 2612 509 2660 lying
537 2611 660 2647 about
688 2610 929 2658 something.
997 2610 1085 2646 The
1116 2610 1347 2658 something
1375 2610 1408 2646 is
1438 2616 1509 2646 not

123 2677 253 2714 stated
287 2676 328 2712 in
362 2675 430 2711 the
464 2674 658 2722 sophism.
723 2673 812 2709 The
842 2673 1028 2720 question
1062 2684 1105 2709 as
1139 2673 1171 2708 it
1204 2673 1343 2709 stands
1374 2674 1407 2709 is
1439 2685 1506 2709 un-

107 2741 324 2789 vmeaning.
383 2739 425 2774 Is
447 2738 526 2774 this
546 2737 772 2791 thingoery
792 2736 902 2772 like?
956 2735 1057 2772 Like
1078 2736 1211 2772 what?

775 2806 854 2850 L2
