1868 3117
707 224 965 255 APPENDIX.
1437 207 1525 254 151

139 340 291 386 mavis
328 341 424 394 sic3
468 340 542 386 Fit
578 341 810 396 Acervus,
847 355 998 403 grano
1035 354 1150 393 uno,
1184 337 1267 384 sed
1303 337 1525 399 adject03

139 421 360 482 adeoque
397 438 492 468 non
533 423 692 477 unico,
729 422 812 468 sed
854 438 964 468 cum
1006 420 1226 483 pluribus
1265 419 1380 466 aliis.
1451 420 1526 466 Fit

141 503 367 549 Calvities
393 504 521 550 crine
548 520 662 560 uno,
687 504 771 550 sed
796 511 906 566 post
932 504 1111 550 multos
1136 503 1269 558 alios,
1293 502 1484 548 amisso.

211 585 283 632 10.
322 587 585 632 CORNUTUS
611 592 658 632 et
689 586 952 641 Ceratinus,
982 585 1214 640 (lemtim,
1251 584 1451 640 Ceratis,
1476 591 1524 630 et

142 666 315 714 Cer-ask
358 668 531 715 dicitur
573 665 831 731 Sophisma
867 668 985 714 illud
1026 674 1138 714 ante
1185 672 1524 722 memoratum,

141 751 280 805 Quod
321 768 409 797 non
457 751 649 797 amisisti
695 751 833 797 habes
881 750 961 797 διο.
1056 750 1182 801 Quae
1230 756 1303 795 est
1351 749 1524 795 Petitio

138 832 368 895 Principii
383 852 401 887 ,·
437 849 550 880 nam
576 833 806 895 supponit
830 833 901 879 Te
927 848 1112 879 cornua
1137 831 1375 877 habuisse.

207 915 513 977 Ineptissima
546 915 651 961 haec
685 914 894 961 Fallacia
924 914 1033 977 plus
1059 913 1295 961 acuminis
1328 913 1525 976 praefert

129 995 276 1058 juxta
316 1002 528 1043 veterem
574 996 864 1059 Disputandi
910 996 1111 1042 modum
1153 996 1373 1057 rogando
1415 1011 1526 1058 pro-

136 1080 306 1141 posita.
379 1081 484 1126 Erit
517 1081 642 1126 enim
676 1080 896 1135 fortasse,
923 1081 1005 1142 qui
1034 1087 1249 1142 rogatus,
1279 1080 1417 1135 Quod
1436 1097 1525 1126 non

135 1161 356 1217 amiserit,
396 1171 545 1209 utrum
592 1164 758 1210 habeat
805 1167 984 1210 necne?
1044 1179 1141 1209 non
1190 1163 1426 1225 intelligat
1473 1179 1523 1210 se

135 1250 332 1306 captum
365 1244 437 1299 iri,
470 1246 506 1291 si
539 1245 818 1307 simpliciter
850 1245 1172 1307 respondeat;
1212 1245 1309 1291 sive
1346 1245 1523 1291 habere

134 1341 202 1379 se,
250 1325 347 1372 sive
400 1342 498 1372 non
553 1326 730 1372 habere
783 1326 924 1373 dicat.
1019 1326 1145 1372 Nam
1199 1343 1311 1372 eum
1364 1326 1525 1389 adiget

136 1406 379 1469 Sophista,
404 1414 457 1453 ut
482 1408 557 1453 vel
589 1424 639 1454 se
673 1408 849 1454 habere
877 1408 1090 1463 Cornua,
1115 1409 1191 1455 vel
1221 1424 1315 1454 non
1345 1408 1523 1455 habere

136 1489 318 1535 Oculos
343 1489 567 1536 fateatur.

208 1570 279 1616 11.
320 1571 507 1617 Acutus
544 1571 630 1617 sibi
668 1570 921 1617 videbatur
960 1571 1280 1617 Menedemus
1319 1571 1526 1632 (Eretri-

135 1654 260 1701 ensis
297 1655 395 1701 scil.
430 1671 576 1717 quem
613 1650 994 1717 ἐρωτικώτατον
1029 1655 1242 1718 appellat
1280 1656 1523 1716 Laertius)

135 1752 287 1798 quum
335 1737 394 1783 ad
441 1737 572 1784 hunc
627 1738 827 1784 modum
886 1744 1167 1799 nugaretur.
1261 1738 1524 1793 Diversum,

134 1834 164 1864 a
208 1818 407 1865 Diverso
454 1820 699 1866 Diversum
745 1828 812 1867 est
831 1839 848 1873 ;
927 1820 1152 1867 Prodesse
1199 1828 1266 1865 est
1313 1837 1340 1865 a
1387 1821 1523 1866 Bono

133 1898 380 1947 Diversum
403 1920 421 1955 ,·
493 1902 720 1949 Prodesse
788 1903 936 1965 igitur
1004 1920 1093 1949 non
1164 1910 1231 1948 est
1299 1904 1484 1949 Bonum
1500 1901 1522 1949 ¹.

135 1982 261 2033 Quae
298 1988 371 2029 est
408 1999 567 2029 crassa
607 1991 655 2030 et
697 1984 864 2046 putida
899 1984 1264 2046 AEquivocatz'0;
1316 1991 1365 2030 et
1407 1984 1523 2030 nihil

132 2064 351 2126 amplius.

201 2230 243 2291 ξ.
271 2229 314 2275 8.
368 2229 440 2276 12.
479 2230 787 2276 CRocomLUs
804 2237 831 2253 ¹³¹
873 2247 900 2276 a
949 2230 1224 2292 Chrysippo
1278 2230 1522 2283 inventus,

133 2312 215 2373 qui
256 2311 317 2358 ad
359 2311 616 2358 Fallaciam
660 2312 1018 2374 Consequentis
1060 2312 1278 2358 revocari
1324 2312 1521 2373 poterit,

131 2393 198 2438 sic
233 2393 537 2454 proponitur.
621 2394 926 2456 Surripuerat
960 2394 1181 2455 infantem
1218 2393 1487 2440 Crocodilus
1502 2410 1521 2446 ,-

186 2598 200 2617 ¹‘
232 2599 305 2634 See
327 2597 523 2640 Laertius,
544 2599 608 2634 vii.
633 2601 717 2635 187.
751 2598 920 2640 Gellius,
943 2600 992 2635 N.
1013 2601 1060 2635 A.
1081 2600 1156 2634 xvi.
1181 2602 1214 2634 2.

186 2662 192 2683 “
222 2660 340 2710 Diog.
361 2661 494 2698 Laert.
515 2662 554 2698 ii.
585 2664 666 2698 134.

184 2732 210 2748 ¹¹³
242 2725 342 2761 This
360 2725 519 2774 Fallacy
538 2726 571 2762 is
589 2726 703 2773 given
721 2731 759 2763 at
775 2726 914 2775 length
932 2726 981 2774 by
1000 2726 1166 2768 Lucian,
1186 2726 1261 2761 Vit.
1283 2726 1392 2762 Auct.
1410 2726 1436 2767 ς’.
1456 2728 1517 2763 22.
