1868 3117
700 236 956 268 APPENDIX.
1434 219 1524 265 149

208 351 484 398 Insolubilis
521 352 797 415 exemplum
834 351 898 398 sic
935 350 1237 413 proponitur.
1320 348 1527 410 Incipiat

138 432 364 479 Socrates
401 433 465 480 sic
502 433 651 495 loqui,
686 434 903 480 Socrates
939 432 1050 478 dicit
1071 432 1282 493 falsam,·
1325 435 1373 475 et
1408 429 1527 475 nihil

139 514 343 577 amplius
385 515 644 576 loquatur:
693 521 796 561 tum
833 515 1100 576 interroget
1137 512 1324 575 aliquis,
1363 516 1526 557 utrum

62 609 65 612 ’
140 611 253 642 vera
277 612 337 642 an
362 596 481 642 falsa
513 596 573 642 sit
604 596 709 642 haec
747 595 1028 658 propositio,
1101 593 1413 656 Respondeo,
1438 609 1527 639 nec

139 693 300 723 veram
337 694 426 724 nec
468 677 637 724 falsam
674 693 793 732 esse,
830 676 913 723 sed
955 675 1074 722 nihil
1116 674 1403 736 significare,
1440 674 1529 720 nisi

138 758 320 820 aliquid
345 759 473 805 aliud
497 759 737 821 respiciat,
762 758 893 820 quod
919 774 947 803 a
972 757 1171 804 Socrate
1198 762 1310 802 ante
1344 756 1527 802 dictum

140 840 441 902 supponitur.
513 841 607 892 Qui
634 841 761 886 enim
787 839 971 902 profert
994 839 1102 885 haec
1129 837 1291 893 verba,
1311 837 1529 883 Socrates

139 924 252 970 dicit
271 924 470 985 falsum,
494 923 586 970 fert
614 924 848 986 judicium
885 923 944 969 de
978 922 1109 969 dicto
1144 921 1386 975 Socratis3
1427 921 1531 982 qui-

142 1020 237 1066 que
270 1004 362 1051 fert
393 1004 646 1066 judicium,
670 1004 941 1050 necessario
978 1002 1314 1065 praesupponit
1350 1001 1529 1063 aliquid

142 1086 202 1132 de
229 1103 326 1148 quo
348 1086 564 1148 judicet:
601 1087 746 1133 Unde
771 1102 880 1132 cum
907 1085 1148 1132 sententia
1182 1094 1531 1146 praesupponat

142 1167 391 1229 objectum
428 1184 585 1223 suum,
611 1168 794 1214 clarum
832 1172 905 1213 est
939 1166 1145 1212 eandem
1180 1181 1386 1211 numero
1423 1180 1532 1227 pro-

143 1250 450 1312 positionem,
487 1256 534 1296 et
577 1250 867 1296 sententiam
911 1255 959 1294 et
1002 1248 1104 1310 ejus
1140 1247 1386 1309 objectum
1430 1262 1531 1292 esse

145 1348 244 1378 non
270 1348 424 1394 posse.
479 1332 642 1383 Quare
668 1338 717 1378 et
743 1331 1028 1378 Scholarum
1051 1329 1290 1376 subtilitas
1317 1329 1393 1375 hic
1415 1328 1533 1374 nihil

146 1413 366 1475 proficit3
405 1414 620 1475 nihilque
646 1429 768 1476 opus
793 1418 866 1459 est
890 1412 1028 1475 plura
1057 1412 1216 1458 dicere
1250 1411 1309 1457 de
1345 1410 1535 1457 Insolu-

143 1495 328 1542 bilibus.

215 1579 259 1625 5.
285 1581 321 1625 F
325 1595 504 1626 ALLENS
521 1570 924 1634 Διαλανθάνωνὴ,
940 1577 1014 1624 vel
1029 1583 1083 1622 ut
1100 1576 1177 1622 alii
1195 1567 1534 1634 Διαλεληθὼς,

143 1661 204 1707 de
230 1661 258 1706 J
264 1666 518 1707 uramento
544 1660 666 1706 ludit
691 1660 814 1706 sicut
832 1659 1068 1706 flffcntz'cns
1087 1657 1146 1703 de
1173 1658 1303 1703 nuda
1329 1657 1538 1703 affirma-

146 1742 293 1788 tione.
366 1742 421 1788 E.
446 1758 490 1803 g.
522 1742 614 1796 Qui
634 1743 774 1803 jara!
810 1757 857 1787 se
876 1740 1061 1802 falsum
1082 1741 1255 1801 jurare
1290 1746 1333 1785 ct
1353 1738 1538 1800 falsum

130 1824 290 1884 jurat,
332 1840 434 1870 vere
465 1825 620 1885 jurat.
693 1823 856 1874 Quare
899 1821 1070 1868 eodem
1111 1819 1209 1866 fere
1249 1819 1395 1865 modo
1439 1835 1536 1880 quo

149 1904 383 1951 Menti-ens
407 1905 689 1966 explicatur.

215 2069 256 2129 ξ.
285 2069 327 2117 7.
357 2068 401 2114 6.
430 2069 472 2116 7.
510 2068 818 2122 OBVELATUS,
842 2066 933 2112 alio
959 2065 1155 2111 nomine
1189 2065 1438 2119 ELECTRA,
1463 2070 1649 2122 estsoph.

147 2152 362 2198 Fallacia
396 2168 424 2197 a
456 2151 577 2197 dicto
613 2151 855 2197 secandam
893 2149 1021 2203 Quid
1053 2148 1116 2193 ad
1149 2147 1319 2193 dictum
1346 2125 1689 2208 Simpli-fflffssffh·

146 2234 274 2280 citer.
345 2233 472 2278 Nam
514 2232 740 2294 colligere
782 2230 1043 2294 pertendit,
1078 2228 1212 2291 quod
1248 2234 1297 2274 et
1341 2228 1536 2273 Patrem

201 2421 216 2441 ¹¹
247 2421 334 2456 The
349 2423 586 2457 Διαλανθάνων
598 2421 630 2456 is
648 2420 839 2468 probably
854 2431 875 2455 a
890 2418 1043 2455 similar
1060 2417 1218 2464 Fallacy
1232 2420 1272 2452 to
1290 2416 1357 2451 the
1375 2415 1536 2451 Electra

149 2483 229 2520 and
259 2483 326 2518 the
358 2482 586 2519 Obvelatus.
643 2483 730 2518 The
758 2482 916 2518 honour
941 2479 986 2516 of
1011 2480 1060 2515 its
1087 2478 1294 2514 invention
1320 2477 1354 2512 is
1375 2475 1535 2512 divided

150 2546 329 2582 between
368 2544 591 2580 Eubulides
630 2545 709 2581 and
743 2544 947 2580 Diodorus
987 2542 1157 2579 Cronus.
1226 2540 1314 2577 The
1354 2537 1536 2585 example

150 2610 266 2657 given
288 2608 339 2656 by
359 2607 522 2644 Aldrich
543 2609 576 2644 is
604 2620 626 2644 a
651 2620 760 2644 mere
788 2606 1014 2654 conjecture
1042 2604 1085 2640 of
1111 2602 1356 2640 Gassendi's.
1416 2601 1496 2636 For
1516 2611 1538 2636 a

147 2673 374 2709 discussion
412 2670 456 2707 of
491 2671 570 2707 this
606 2671 685 2707 and
724 2671 791 2707 the
825 2670 1027 2717 following
1068 2667 1255 2708 fallacies,
1292 2677 1357 2701 see
1394 2664 1536 2712 Hegel,

151 2735 281 2771 Gesch.
304 2735 367 2769 der
388 2733 529 2769 Philas.
557 2734 692 2775 Werlre,
714 2733 786 2768 xiv.
809 2744 845 2779 p.
873 2733 956 2767 119.
