1868 3117
681 239 985 270 RUDIMENTA.
1467 222 1523 271 77

139 365 336 421 propter
360 357 633 420 praemissas
658 363 908 418 negantes,
929 355 1016 402 viz.
1046 354 1195 401 EEA.
1223 353 1373 400 EEE.
1395 353 1528 399 EEI.

140 441 290 487 EEO.
334 440 515 486 91ἜΟΑ.
565 439 715 485 ΕΟΕ.
759 439 890 484 ΕΟΙ.
941 437 1094 484 ΕΟΟ.
1144 436 1328 482 *OEA.
1379 435 1528 481 OEE.

141 524 272 570 OEI.
301 522 450 570 ΟΕΟ.
479 521 662 568 *OOA.
690 520 842 567 OOE.
870 519 1003 566 OOI.
1032 518 1183 566 OOO.
1257 516 1528 564 Duodecim

138 622 225 669 per
269 605 387 666 Reg.
430 604 504 650 10.
539 609 737 666 propter
778 602 1037 666 praemissis
1075 600 1406 663 particulares,
1441 599 1529 646 viz.

143 687 256 734 IIA.
283 687 397 734 ΙΙΕ.
425 686 522 732 ΙΙΙ.
555 686 670 733 IIO.
705 685 870 732 *IOA.
901 685 1031 731 IOE.
1060 684 1175 730 IOI.
1204 683 1336 728 IOO.
1363 681 1529 727 *OIA.

142 769 275 815 OIE.
318 769 434 815 ΟΠ.
477 768 610 814 ΟΙΟ.
700 766 972 813 Duodecim
1020 782 1106 828 per
1154 765 1274 826 Reg.
1325 764 1369 810 8.
1419 763 1532 825 quia

140 851 496 914 praemissarum
530 850 681 897 altera
713 856 874 911 negat,
899 848 982 895 sed
1016 864 1114 895 non
1151 845 1418 900 conclusio,
1444 845 1530 891 viz.

141 933 290 979 AEA.
328 933 460 979 AEI.
497 932 646 978 AOA.
686 931 818 977 ΑΟΙ.
857 931 1040 976 *EAA.
1080 929 1210 975 EAI.
1246 929 1379 974 EIA.
1416 927 1530 973 EII.

142 1016 306 1063 *IEA.
336 1015 448 1061 IEI.
477 1014 658 1060 *OAA.
686 1014 817 1059 OAI.
890 1013 1018 1059 Octo
1051 1027 1137 1074 per
1167 1012 1287 1073 Reg.
1320 1010 1392 1056 ll.
1419 1009 1532 1071 quia

139 1097 496 1160 praemissarum
530 1095 682 1142 altera
716 1094 1020 1157 particularis
1053 1099 1141 1148 est,
1167 1092 1250 1139 sed
1285 1108 1382 1137 non
1419 1107 1534 1138 con-

139 1179 306 1235 clusio,
343 1180 431 1225 viz.
468 1179 598 1225 AIA.
637 1178 768 1224 AIE.
806 1177 955 1224 AOE.
995 1176 1160 1222 *E[E.
1199 1175 1363 1221 *IAA.
1401 1174 1531 1220 IAE.

144 1262 309 1308 *IEE
337 1262 519 1308 *OAE
592 1261 813 1322 Denique
841 1266 1052 1322 quatuor
1089 1273 1176 1320 per
1203 1257 1322 1318 Reg.
1350 1257 1392 1303 9.
1420 1256 1532 1318 quia

143 1343 389 1390 conclusio
439 1343 663 1404 negativa
700 1348 773 1388 est
815 1342 898 1388 sed
939 1347 1113 1388 neutra
1156 1339 1531 1401 praemissarum,

140 1426 227 1472 viz.
254 1426 402 1471 AAE.
428 1425 577 1471 AAO.
602 1424 735 1470 ΑΙΟ.
763 1424 928 1470 *IAQ

209 1507 554 1554 Excluduntur
585 1506 729 1569 igitur
762 1505 807 1552 in
842 1506 1121 1552 universum
1154 1503 1292 1551 Modi
1318 1503 1380 1549 52
1403 1524 1445 1546 Ξ
1474 1502 1531 1548 16

156 1604 192 1640 -ι-
221 1589 278 1635 12
308 1603 344 1640 -ι-
372 1589 430 1635 12
458 1604 495 1640 -ι-
519 1588 547 1636 8
573 1603 609 1640 -ι-
633 1588 676 1634 4.
715 1605 740 1635 e
778 1588 954 1650 quibus
986 1587 1128 1633 multi
1162 1592 1332 1633 contra
1367 1585 1531 1648 plures

139 1673 329 1735 regulas
353 1679 575 1736 peccant,
601 1672 820 1734 quamvis
846 1688 943 1718 una
968 1677 1159 1717 tantum
1189 1675 1399 1716 notetur.

206 1756 478 1818 Supersunt
505 1755 815 1816 (64-52z)
848 1755 904 1800 12
934 1753 1073 1800 Modi
1097 1753 1159 1799 ad
1184 1752 1529 1814 Syllogismum

139 1837 295 1892 utileS‚
337 1838 424 1883 viz.
469 1838 615 1884 AAA.
658 1837 789 1883 AAI.
831 1836 981 1882 ΑΕΕ.
1025 1835 1174 1881 ΑΕΟ.
1216 1835 1331 1880 AII.
1380 1833 1529 1880 AOO.

144 1920 326 1965 *ΕΑΒ
352 1919 501 1965 EAO.
529 1919 666 1966 EIO.
692 1918 838 1964 *IAL
868 1918 1026 1964 IEOU.
1054 1916 1238 1963 *OAQ

210 2069 251 2129 ξ.
290 2067 333 2113 5.
386 2066 615 2112 F1GURAE¹
675 2064 1075 2127 Syllogismorum
1132 2069 1245 2109 sunt
1302 2063 1345 2109 4.
1402 2062 1528 2108 Nam

194 2244 208 2257 ¹¹
238 2236 334 2273 IEO
351 2236 423 2273 has
440 2236 541 2272 been
560 2234 812 2272 condemned
832 2247 921 2271 ever
938 2234 1046 2270 since
1063 2233 1131 2270 the
1150 2233 1245 2282 days
1263 2232 1306 2269 of
1321 2232 1528 2281 Apuleius,

140 2312 182 2336 as
203 2300 261 2336 far
281 2312 323 2337 as
344 2300 412 2336 the
435 2299 583 2336 second
600 2299 679 2336 and
700 2298 807 2335 third
827 2297 974 2347 figures
1003 2310 1068 2334 are
1097 2296 1334 2334 concerned.
1393 2297 1432 2333 It
1451 2308 1530 2333 was

139 2364 371 2400 sometimes
389 2363 555 2400 allowed
575 2364 617 2399 in
638 2363 706 2400 the
726 2363 823 2405 first,
843 2375 884 2399 as
902 2363 969 2399 the
986 2362 1158 2399 indirect
1174 2361 1294 2398 mood
1311 2361 1528 2404 Frisesmo,

140 2428 214 2464 but
234 2427 379 2464 should
398 2433 471 2464 not
489 2427 588 2464 have
615 2427 719 2464 been
746 2427 927 2464 retained
948 2427 1000 2475 by
1019 2426 1196 2469 Aldrich,
1218 2426 1305 2462 who
1334 2425 1430 2462 does
1458 2430 1531 2461 not

138 2491 346 2540 recognise
375 2491 443 2527 the
472 2491 644 2527 indirect
672 2490 826 2527 moods.
882 2490 994 2527 With
1025 2502 1046 2526 a
1076 2489 1202 2525 direct
1231 2488 1476 2530 conclusion,
1499 2488 1530 2524 it

139 2553 370 2602 manifestly
389 2554 587 2602 produces
604 2566 653 2590 an
675 2554 791 2590 illicit
810 2565 971 2601 process
993 2552 1036 2588 of
1052 2552 1119 2588 the
1140 2552 1266 2600 major
1288 2556 1400 2587 term.

193 2623 206 2636 ¹
235 2618 398 2665 Fiyuroe,
416 2617 587 2664 σχήματα,
604 2617 679 2653 An.
697 2617 759 2653 Pr.
775 2617 797 2653 i.
813 2617 850 2652 4.
867 2618 926 2653 15.
960 2616 1160 2664 “Figums
1179 2615 1526 2664 Syllogssmorum,

139 2692 228 2728 quae
259 2680 447 2716 dicuntur
477 2679 688 2726 (Apuleius
717 2678 955 2715 ‘formulas'
981 2679 1123 2724 vocat),
1146 2677 1194 2714 ab
1224 2677 1439 2716 Aristotele
1464 2692 1526 2728 ap-

134 2745 302 2792 pellatas
333 2755 421 2780 esse
450 2743 531 2779 Jul.
563 2742 706 2779 Pacius
736 2748 860 2791 putat,
892 2743 985 2791 quia
1012 2742 1151 2791 figuris
1182 2743 1435 2792 geometricis
1464 2744 1526 2780 ad-
