1868 3117
701 241 956 274 APPENDIX.
1434 228 1526 275 143

137 358 300 405 sendae
337 367 449 405 sunt
487 360 846 422 Ineaeplz'cabiles
880 361 956 421 (ut
990 360 1247 418 vocantur)
1286 359 1525 414 Rationes,

140 456 260 502 quas
303 441 552 503 Megarici,
589 442 754 497 Stoici,
792 442 966 503 aliique
1011 440 1266 486 Eristicam
1309 440 1526 502 professi,

138 522 342 583 propriis
359 523 634 570 nominibus
649 524 954 585 insignivere,
970 523 1257 578 Crocodilus,
1274 522 1526 577 Mentiens,

142 605 407 662 Obvelatzcs,
446 608 527 653 διο.
559 623 680 669 quas
715 607 971 669 plerasque
1009 606 1205 669 collegit
1246 606 1527 662 Gassenclus,

137 693 186 733 et
211 687 375 734 retulit
398 688 446 733 in
471 688 617 735 Libro
642 688 697 735 de
726 688 923 752 Origine
953 696 997 734 et
1040 688 1279 734 Varietate
1303 688 1528 751 Logz'coe:

140 768 245 814 Nos
281 769 452 816 eodem
489 770 588 816 fere
624 771 792 816 ordine
826 770 1185 832 explorabimus
1223 786 1321 832 quo
1356 769 1416 815 ab
1446 769 1528 816 illo

136 856 251 897 sunt
274 851 551 913 propositae.

209 932 249 978 l.
286 933 529 979 AcfllLLEs
555 940 759 980 vocatur
784 934 1143 995 Argumentum
1179 950 1276 995 quo
1311 950 1426 981 usus
1457 940 1530 981 est
1543 944 1746 983 Arist-Phys-

1543 989 1641 1018 Auso.
1658 988 1716 1017 VI.

139 1014 274 1061 Zeno
301 1014 513 1070 Eleates,
539 1032 637 1062 non
663 1023 716 1062 ut
752 1016 947 1062 Motum
981 1016 1190 1071 tolleret,
1216 1016 1348 1077 quod
1386 1017 1529 1079 vulgo
1544 1032 1573 1061 9.
1591 1031 1621 1060 3.

1544 1074 1627 1112 Top.
1640 1073 1742 1103 VIII.

139 1097 223 1144 sed
265 1097 384 1144 falso
428 1098 632 1151 dicitur;
688 1097 771 1143 sed
810 1106 860 1143 ut
904 1098 1183 1144 ostenderet
1226 1099 1621 1146 Continuums.2.

139 1194 237 1225 non
277 1194 380 1225 esse
417 1178 603 1225 infinite
641 1179 889 1234 divisibile,
926 1180 1038 1241 quia
1074 1179 1167 1227 hoc
1206 1180 1320 1226 dato
1360 1180 1530 1227 Motus

137 1260 401 1307 tolleretur.
457 1262 814 1322 Argumentum
842 1260 907 1307 sic
935 1276 984 1307 se
1011 1261 1168 1307 habet.
1222 1261 1292 1307 Sit
1317 1260 1531 1307 Achilles

137 1351 375 1407 quantum
403 1345 534 1392 voles
559 1338 714 1393 πόδας
742 1338 880 1402 ὠκὺς,
915 1352 1033 1407 puta
1071 1345 1281 1407 decuplo
1321 1345 1532 1392 velocior

137 1426 417 1473 Testudine.
512 1427 806 1478 Quiescente
854 1427 952 1481 illo,
1001 1426 1263 1473 confecerit
1312 1426 1530 1472 Testudo

136 1515 324 1570 partem
350 1508 559 1570 aliquam
588 1509 729 1570 (puta
755 1508 1015 1568 decimam)
1038 1508 1176 1570 spatii
1203 1508 1528 1569 percurrendi.

136 1589 264 1636 Tum
324 1590 556 1652 procedat
604 1588 832 1644 Achilles,
881 1590 1106 1651 idemque
1156 1590 1363 1651 spatium
1425 1605 1531 1651 per-

135 1679 327 1719 currat:
365 1672 700 1734 progredietur
736 1672 926 1718 interim
965 1672 1185 1718 Testudo
1223 1688 1309 1735 per
1342 1678 1527 1734 partem

137 1754 239 1816 ejus
264 1754 517 1810 decimam,
544 1754 589 1800 h.
610 1771 650 1801 e.
677 1754 826 1800 totius
853 1755 991 1817 spatii
1017 1754 1362 1807 centesimam;
1404 1755 1526 1801 hanc

137 1835 365 1882 conficiat
408 1835 638 1891 Achilles,
681 1844 729 1881 et
771 1842 1021 1898 percurret
1069 1836 1260 1882 interim
1309 1836 1526 1882 Testudo

136 1916 280 1979 hujus
328 1917 604 1963 centesimae
652 1917 919 1971 decimam;
980 1923 1029 1963 et
1077 1917 1143 1963 sic
1203 1917 1431 1979 deinceps
1477 1918 1525 1962 in

135 1997 411 2052 infinitun13
467 2015 565 2060 quo
614 1999 696 2045 fiet
739 2006 794 2044 ut
843 1998 1056 2045 Achilles
1104 2014 1354 2060 nunquam
1402 2014 1529 2045 asse-

137 2087 313 2142 quatur
342 2079 703 2126 Testudinem¹.

189 2251 202 2264 Χ
231 2243 306 2280 We
326 2250 435 2279 must
454 2250 527 2279 not
546 2243 749 2280 confound
774 2244 842 2280 the
870 2244 1161 2293 metaphysical
1190 2243 1417 2280 difficulties
1438 2256 1527 2280 con-

135 2305 279 2343 nected
298 2306 394 2342 with
419 2306 486 2343 the
514 2306 672 2344 infinite
701 2306 934 2356 divisibility
955 2307 998 2344 of
1023 2319 1152 2355 space,
1174 2307 1269 2343 with
1296 2307 1364 2344 the
1385 2307 1528 2356 logical

137 2369 330 2418 difficulty
350 2369 394 2406 of
421 2382 443 2406 a
463 2370 561 2407 false
589 2371 822 2408 conclusion
846 2371 1080 2420 apparently
1102 2370 1284 2407 deduces]
1311 2370 1412 2407 from
1440 2376 1529 2407 true

137 2433 348 2480 promises.
403 2434 656 2482 Archbishop
696 2434 882 2484 Whately
921 2435 1063 2472 evades
1103 2435 1171 2471 the
1210 2435 1339 2477 latter,
1379 2434 1431 2483 by
1463 2435 1527 2470 ob<

138 2497 297 2545 serving
316 2497 403 2532 that
423 2497 490 2533 the
512 2497 693 2545 sophism
715 2503 863 2534 cannot
882 2498 931 2534 be
960 2497 1163 2534 exhibited
1191 2498 1231 2533 in
1254 2510 1276 2533 a
1297 2497 1525 2545 Syllogism

137 2560 220 2597 But
247 2561 328 2597 this
359 2560 586 2597 confession
617 2562 651 2597 is
679 2563 720 2598 in
750 2562 828 2598 fact
854 2574 876 2598 a
897 2562 1112 2598 surrender
1141 2561 1185 2597 of
1208 2562 1276 2597 the
1307 2561 1524 2610 syllogistic

137 2625 336 2666 criterion,
365 2636 407 2660 as
437 2636 459 2660 a
485 2636 625 2661 means
655 2624 699 2660 of
725 2625 1047 2673 discriminating
1075 2625 1254 2661 between
1285 2623 1415 2660 sound
1445 2624 1524 2660 and

138 2687 328 2724 unsound
350 2687 575 2735 reasoning.
635 2687 698 2724 On
720 2688 787 2724 the
809 2693 1002 2737 contrary,
1023 2688 1195 2736 nothing
1216 2688 1250 2724 is
1272 2687 1399 2724 easier
1426 2688 1523 2724 than

137 2755 176 2786 to
199 2750 351 2787 exhibit
370 2751 437 2787 the
458 2751 673 2799 reasoning
695 2751 733 2786 in
756 2751 1027 2800 aSyllog1sm,
1050 2751 1128 2788 and
1156 2757 1195 2788 to
1224 2752 1330 2787 shew
1358 2751 1523 2799 thereby

1544 1159 1645 1197 Sopli.

1544 1200 1687 1231 Elcnch.

1545 1246 1597 1274 24.
1614 1246 1643 1273 5.
