1868 3117
688 224 990 255 RUDIMENTA.
1444 212 1534 258 123

147 338 274 385 hanc
307 339 506 387 adhibet
539 356 732 387 causam
761 339 1141 395 Demonstratio,
1167 346 1215 386 et
1241 340 1463 397 habetur,
1489 349 1538 388 et

146 421 427 468 nominatur
451 422 717 468 Potissima.

215 504 339 550 Sunt
362 504 508 565 igitur
540 520 601 550 ex
633 510 796 550 mente
830 503 1124 566 Logicorum
1159 505 1534 552 Demonstrandi

148 592 360 647 quatuor
383 585 516 631 modi
535 602 545 640 3
585 601 794 647 quorum
814 585 935 631 alter
960 585 1097 632 alteri
1116 586 1373 642 evidentia,
1392 587 1538 633 adeo-

148 683 242 729 que
268 667 519 729 dignitate,
542 673 743 730 praestat
754 673 784 714 q.
865 668 1001 714 Valet
1026 667 1390 714 Demonstratio
1422 668 1539 714 obli-

149 765 274 811 qua3
312 749 488 796 Potens
513 755 585 795 est
606 749 836 812 quaelibet
858 749 1083 804 Directa3
1123 750 1291 797 Potior
1316 766 1427 813 quae
1452 767 1539 814 per

149 846 345 877 causam
392 831 681 894 proximam,
728 830 982 877 Potissima
1038 847 1149 893 quae
1203 848 1289 894 per
1335 832 1534 894 primam

150 914 467 961 demonstrat.
563 912 724 974 Hujus
783 918 855 958 est
912 912 1110 975 vulgata
1160 913 1242 959 illa
1289 913 1722 968 Definitio,An.Post.

147 995 457 1058 Syllogismus
481 1003 694 1042 constans
717 995 851 1049 veri-9,
870 995 1052 1057 primiS,
1076 995 1366 1052 immediatis,
1392 997 1538 1043 notio·
1550 973 1579 1002 L
1596 974 1625 1004 2'
1640 974 1670 1002 ρ’

148 1076 290 1132 ribus,
342 1077 593 1139 prioribus,
641 1084 685 1122 et
732 1076 881 1123 causis
935 1076 1288 1125 Conclzcsionis‘.
1359 1080 1539 1126 Exem-

148 1159 300 1221 plum,
343 1158 432 1205 nisi
473 1158 598 1205 forte
639 1159 770 1221 apud
814 1158 1208 1215 Mathematieos,
1249 1177 1310 1207 an
1352 1162 1537 1225 uspiam

149 1246 374 1287 occurrat
399 1241 579 1286 nescio.

203 1408 216 1429 *ἲ
247 1401 333 1438 The
353 1401 558 1450 following
579 1401 685 1438 table
705 1413 796 1451 may
816 1402 936 1439 assist
955 1402 1023 1439 the
1044 1403 1213 1440 learner.

710 1486 962 1570 Demorfstratio

364 1583 460 1666 Qucid
475 1584 520 1615 sit
1038 1585 1179 1624 Propter
1195 1584 1274 1623 quid
1290 1585 1334 1616 sit

234 1682 376 1720 obliqua
548 1683 686 1712 Direeta
853 1681 929 1711 Non
948 1682 1127 1712 Potissima
1317 1683 1496 1713 potissima

145 1733 206 1764 per
222 1724 454 1755 deductionem
877 1734 937 1763 per
951 1734 1086 1754 causam
1296 1735 1356 1764 per
1372 1735 1504 1756 causam

169 1766 211 1797 ad
226 1766 433 1806 impossibile
842 1767 1029 1806 proximam
1046 1777 1118 1805 quae
1288 1768 1475 1807 proximam
1492 1774 1526 1799 et

433 1814 437 1816 ·
856 1819 924 1840 non
942 1814 993 1840 est
1007 1810 1114 1849 prima
1339 1811 1482 1850 primam

362 1874 422 1903 per
434 1864 590 1894 effectum
634 1874 694 1903 per
706 1873 842 1894 eausam

656 1911 820 1937 remotam

201 1976 214 1993 ¹
243 1969 344 2005 This
366 1968 576 2006 definition
597 1970 630 2005 is
652 1969 873 2006 translated
899 1969 1000 2006 from
1027 1970 1229 2007 Aristotle.
1286 1972 1480 2017 Ἀπόδειξιν
1504 1974 1540 2008 δὲ

146 2034 238 2081 λέγω
267 2036 508 2081 συλλογισμὸν
533 2035 801 2079 ἐπιστημονικόν.
853 2034 1136 2080 Ἐπιστημονικὸν
1161 2036 1197 2070 δέ
1223 2035 1314 2082 λέγω
1339 2035 1411 2070 καθ’
1438 2036 1476 2070 ὃν
1493 2040 1540 2085 τῷ

147 2098 239 2142 ἔχειν
269 2098 369 2131 αὐτὸν
396 2097 615 2142 ἐπιστάμεθα·
671 2098 712 2131 Εἷ
745 2097 856 2132 τοίνυν
887 2098 962 2132 ἐστὶ
993 2099 1032 2131 τὸ
1065 2098 1273 2133 ἐπίστασθαι
1309 2096 1380 2133 οἷον
1410 2098 1539 2142 ἔθεμεν,

147 2159 272 2206 ἀνάγκη
292 2161 346 2194 καὶ
373 2160 433 2204 τὴν
459 2159 692 2204 ἀποδεικτικὴν
719 2159 908 2205 ἐπιστὴμην
934 2160 972 2204 ἐξ
999 2160 1135 2204 ἀληθῶν
1158 2161 1186 2195 τ’
1214 2159 1297 2196 εἶναι
1322 2163 1375 2196 καὶ
1398 2164 1541 2208 πρώτων

148 2222 202 2256 καὶ
220 2222 358 2267 ἀμέσων
373 2223 426 2258 καὶ
438 2222 702 2269 γνωριμωτέρων
716 2224 769 2257 καὶ
783 2223 956 2270 προτέρων
969 2224 1022 2257 καὶ
1037 2223 1150 2258 αἰτίων
1162 2226 1222 2258 τοῦ
1238 2225 1539 2270 συμπεράσματος.

148 2283 263 2320 Anal.
285 2284 391 2321 Post.
414 2284 438 2320 i.
461 2286 497 2320 2.
519 2286 554 2320 2.
613 2284 689 2321 See
710 2284 876 2328 further,
897 2284 1121 2333 Appendix‚
1145 2289 1239 2322 note
1261 2285 1311 2323 K.
