1852 3137
260 233 320 277 44
782 245 918 276 Armis
945 243 1126 275 LOGlCAE

831 459 970 505 CAP.
1011 458 1078 504 II.

501 571 579 617 De
604 568 930 631 Propositione
957 565 1239 629 Categorica
1257 581 1395 628 pura.

330 687 373 747 ξ.
409 685 450 731 1.
484 684 713 730 SECUNDA
739 683 855 729 Pars
882 681 1077 743 Logicae
1102 680 1200 743 agit
1219 679 1277 725 de
1298 677 1650 740 Proposz'tionea

260 768 357 815 sive
381 766 754 818 Emmtz'atz‘one;
791 763 923 825 quod
957 769 1031 809 est
1064 762 1253 824 signum
1285 759 1512 806 secundae
1539 773 1652 820 ope-

260 849 459 895 rationis
497 847 798 901 IntellectUS,
834 845 932 892 sive
969 843 1215 890 Judicium
1260 841 1415 887 verbis
1457 855 1652 902 expres-

261 947 383 977 sum.

329 1012 509 1066 Quare,
535 1010 595 1056 ad
620 1008 1008 1071 Propositionem
1033 1006 1300 1068 legitimam
1324 1003 1600 1066 requiritur.

50 1103 248 1134 De111t·5-¹·
330 1094 372 1140 1.
410 1093 589 1144 Quoad
635 1106 823 1145 vocem,
864 1095 919 1135 ut
960 1088 1021 1135 sit
1067 1088 1232 1134 Oratio
1280 1083 1542 1148 affirmansb
1582 1084 1655 1132 vel

260 1192 451 1238 negans,
477 1191 588 1237 quae
614 1178 687 1219 est
712 1172 815 1235 ejus
839 1171 1049 1218 essentia.

50 1266 249 1298 De111t·4·3·
329 1258 373 1304 2.
411 1256 590 1308 Quoad
615 1270 828 1309 sensum,
853 1258 906 1299 ut
931 1269 1085 1299 verum
1110 1252 1182 1298 vel
1200 1251 1384 1313 falsum
1408 1249 1655 1313 significet,

263 1339 347 1399 (id.
373 1338 472 1385 scil.
500 1337 631 1400 quod
655 1351 732 1383 res
757 1341 846 1390 est,
864 1335 941 1381 vel
966 1350 1122 1390 secus,
1142 1333 1309 1394 dicat,)
1337 1332 1468 1395 quod
1494 1346 1653 1378 essen-

315 1479 332 1496 a
361 1471 482 1509 “Sed
509 1483 601 1507 oum
629 1470 875 1506 disseramus
903 1469 952 1506 de
980 1469 1183 1511 Oratione,
1208 1469 1321 1518 cujus
1349 1469 1466 1505 variae
1499 1468 1653 1516 speeies

264 1539 359 1572 sunt
362 1564 474 1578 .......
482 1539 543 1571 est
575 1545 657 1569 una
686 1533 791 1569 inter
823 1533 897 1568 has
936 1532 985 1569 ad
1019 1533 1271 1580 propositum
1306 1533 1527 1580 potissima,
1563 1543 1653 1580 quae

263 1598 581 1648 pronunciabilis
611 1597 846 1645 appellatur,
869 1597 1094 1633 absolutam
1126 1597 1367 1633 sententiam
1397 1596 1655 1644 eomprehen-

265 1665 377 1707 dens,
409 1664 494 1700 sola
523 1676 570 1700 ex
600 1662 788 1699 omnibus
817 1662 973 1698 veritati
1003 1667 1072 1698 aut
1100 1660 1262 1698 falsitati
1299 1662 1492 1698 obnoxia:
1535 1674 1654 1709 quam

265 1733 378 1765 vocat
408 1727 572 1776 Sergius
601 1727 763 1775 effatum,
793 1726 918 1762 Varro
951 1726 1196 1773 proloquium,
1233 1725 1372 1762 Cicero
1407 1727 1656 1767 enmzciatum,

268 1793 401 1830 Graeei
435 1792 605 1838 protasm
642 1796 727 1826 tum
768 1789 1290 1831 axioma;......familiarius
1329 1794 1465 1826 tamen
1504 1789 1658 1825 dicetur

260 1855 500 1904 propositio.'⁷
556 1854 750 1902 Apuleius
786 1853 834 1889 de
870 1853 1016 1901 Dogm.
1049 1852 1240 1894 Platonis,
1271 1853 1341 1889 lib.
1370 1853 1424 1889 iii.
1483 1853 1549 1889 He
1582 1853 1656 1888 has

266 1925 339 1957 not
358 1918 656 1967 distinguished
672 1918 851 1954 between
868 1920 1064 1965 ἀπόφανσις
1087 1916 1165 1953 and
1184 1917 1487 1965 πρότασις,-’(110
1511 1916 1659 1953 former

267 1984 312 2021 of
335 1983 465 2019 which
494 1983 528 2018 is
557 1981 755 2018 rendered
784 1981 835 2029 by
865 1980 1062 2017 Boethius
1091 1982 1318 2023 emundatio,
1337 1981 1404 2017 the
1434 1981 1552 2017 latter
1575 1993 1658 2027 pro-

263 2047 409 2094 positio.
468 2044 544 2081 See
574 2043 920 2091 Trendelenburg‚
950 2043 1080 2079 Elem.
1104 2044 1139 2094 ξ.
1162 2045 1195 2079 Q.
1256 2043 1509 2091 “’Amfipawzs
1535 2054 1659 2091 quum

269 2111 317 2148 ad
336 2109 611 2159 syllogismum
631 2107 927 2144 instituendum
945 2112 1136 2155 tanquam
1157 2108 1376 2155 propositio
1394 2119 1482 2155 quse
1499 2112 1661 2144 vocatur

268 2174 478 2222 prremissa
517 2171 741 2213 adhibetur,
780 2175 948 2219 πρότασις
985 2171 1166 2207 dieitur.”
1239 2171 1331 2207 And
1377 2183 1421 2208 so
1467 2172 1657 2219 Aquinas,

271 2237 419 2284 Opusc.
449 2235 736 2271 xlviiinTract.
774 2235 822 2270 de
856 2235 1015 2271 Enune.
1052 2247 1135 2282 cap.
1176 2238 1209 2270 l.
1261 2235 1526 2282 “Propositio
1564 2246 1659 2271 nam

271 2302 402 2338 solnm
424 2299 569 2335 dieitur
593 2298 641 2334 (10
672 2298 893 2345 praemissis
920 2298 1048 2345 ipsius
1076 2298 1309 2346 syllogismi,
1333 2298 1402 2334 sed
1430 2299 1659 2335 enunciatio

271 2368 351 2400 tam
383 2362 431 2398 de
461 2361 681 2409 praemissis
716 2373 835 2408 quam
871 2361 919 2396 de
941 2361 1235 2398 conclusione.''
1292 2362 1380 2398 The
1413 2362 1659 2406 distinction,

270 2428 462 2467 however,
500 2426 532 2460 is
568 2429 640 2460 not
673 2424 839 2472 implied
874 2425 915 2460 in
951 2425 1018 2461 tho
1054 2424 1286 2461 dofinitions
1322 2425 1366 2462 of
1398 2426 1466 2463 tho
1500 2432 1575 2463 two
1609 2427 1661 2476 by

271 2488 473 2529 Aristotle,
497 2487 545 2523 (10
566 2486 645 2522 Int.
669 2489 703 2522 5.
726 2489 760 2523 5.
782 2486 859 2522 and
881 2487 994 2523 Anal.
1019 2487 1080 2523 Pr.
1102 2489 1125 2524 i.
1154 2492 1184 2523 l.
1206 2491 1240 2524 2.

326 2554 342 2576 ἲ)
374 2552 503 2589 Oratio
530 2552 732 2599 offirmtum,
762 2554 1160 2599 κατάφασις-ηεῃαηε,
1186 2554 1372 2601 ἀπόφασις.
1432 2553 1565 2590 These
1596 2566 1662 2590 are

274 2616 445 2663 litorally
466 2614 662 2651 rendered
684 2614 734 2662 by
755 2615 961 2662 Apuleius,
983 2615 1195 2662 Propositio
1223 2617 1429 2653 dedicativa
1458 2617 1536 2654 and
1563 2619 1662 2653 abdi-

277 2680 409 2714 cativa.
467 2678 554 2714 Tho
583 2677 768 2726 ordinary
791 2678 1040 2727 ronderings,
1061 2680 1262 2727 qffirmatio
1296 2679 1372 2715 and
1406 2681 1567 2727 ηυῃατίο,
1597 2692 1662 2717 are

278 2743 365 2779 first
385 2742 482 2779 used
504 2741 553 2790 by
575 2742 782 2779 Boethius.
841 2742 916 2778 See
940 2743 1087 2785 Prantl,
1111 2743 1133 2779 i.
1156 2755 1192 2790 p.
1217 2745 1304 2779 521.
