1852 3137
284 218 346 262 24
805 234 943 264 ART1s
970 233 1151 265 Loe1cAE

285 365 429 395 omne
449 349 751 405 discriminis,
776 355 954 412 praeter
972 365 1248 404 numerum,
1266 347 1449 394 eximit.
1509 349 1671 399 Quare

285 437 509 477 naturam
542 431 607 477 sic
641 431 949 487 abstractam,
975 447 1084 477 cum
1119 431 1181 477 sit
1214 429 1346 476 omni
1371 429 1672 491 singulorum

286 512 573 559 differentiae
611 520 869 575 supersteS‚
906 513 1096 575 concipi
1137 528 1224 575 par
1264 517 1352 567 est,
1390 526 1489 557 non
1529 515 1585 556 ut
1624 510 1673 555 in

287 595 485 657 singulis
533 594 788 649 diversam,
837 594 921 641 sed
968 600 1023 641 ut
1070 594 1118 640 in
1166 593 1389 640 omnibus
1437 591 1671 644 eandem;

286 676 506 738 adeoque
564 676 833 723 Universale
879 676 1109 738 quiddam
1157 675 1254 721 sive
1301 675 1406 722 Ens
1451 691 1588 720 unum
1629 673 1676 719 in

285 758 474 804 multis:
532 756 734 819 ejusque
790 757 981 820 signum
1034 757 1265 803 idoneum
1319 757 1424 811 erit,
1479 756 1675 802 Nomen

286 856 533 894 commune,
563 839 828 894 Univocum,
849 838 1072 885 Seczmdoe
1092 838 1372 893 intentionis,
1392 854 1489 883 uno
1510 836 1675 891 verbo,

286 921 637 975 ProedioabileP,
662 920 760 966 sive
785 920 893 966 Vox
919 927 1032 982 apta
1056 919 1322 982 praedicari,
1345 919 1372 965 i.
1391 936 1431 966 e.
1456 919 1676 966 Univoce

287 1004 379 1050 dici
404 1003 462 1049 de
488 1002 667 1049 multis.

355 1137 399 1198 ξ.
450 1136 493 1181 5.
565 1134 1034 1182 PRAEDJOABJLIUMq
1093 1135 1266 1198 capita,
1333 1136 1561 1183 constitui
1627 1142 1676 1182 et

286 1278 576 1316 controversies
615 1276 860 1325 concerning
904 1276 1147 1312 abstraction
1186 1280 1334 1312 cannot
1370 1275 1420 1312 be
1466 1275 1675 1312 discussed

285 1344 393 1380 here.
452 1344 525 1380 See
546 1342 816 1389 Proleyomena
836 1341 989 1388 Loytca,
1011 1353 1049 1388 p.
1072 1342 1133 1383 25,
1157 1339 1256 1390 (and
1278 1339 1339 1376 ed.
1360 1351 1398 1387 p.
1420 1341 1502 1385 29.)

338 1414 355 1438 P
387 1405 683 1442 “PraedicabiIe
723 1404 882 1450 (Graece
916 1404 1218 1452 κατηγορούμενον)
1255 1407 1294 1439 et
1327 1403 1564 1446 universale,
1600 1404 1676 1440 etsi

285 1469 419 1517 reipsa
438 1481 520 1504 non
542 1467 739 1509 differant,
760 1466 895 1516 (omne
917 1467 1026 1502 enim
1046 1466 1271 1502 universale
1299 1465 1506 1514 praedicari
1529 1470 1674 1513 potest,

287 1538 326 1569 et
355 1544 475 1568 omne
504 1530 759 1580 praedicabile
790 1530 909 1566 debet
938 1541 1026 1566 esse
1060 1529 1317 1578 universale‚)
1352 1529 1505 1565 ratione
1540 1536 1675 1566 tamen

287 1597 443 1634 diversa
464 1601 569 1633 sunt.
626 1595 732 1632 Nam
752 1594 990 1636 universale,
1012 1598 1212 1641 quatenus
1234 1593 1458 1629 universale
1479 1597 1550 1636 est,
1578 1604 1676 1641 prae.-

287 1661 441 1698 dicatur
462 1660 510 1696 de
532 1658 800 1700 inferioribus,
823 1658 865 1693 in
886 1658 1107 1705 quaestione
1136 1670 1214 1705 qua
1233 1658 1424 1705 quaeritur
1450 1657 1546 1705 quid
1572 1657 1674 1693 sint:

286 1730 326 1762 at
346 1724 612 1773 praedicabile,
635 1727 833 1770 quatenus
855 1726 916 1757 est
934 1720 1201 1769 praedicabile,
1222 1720 1461 1768 praedicatur
1481 1721 1600 1756 etiam
1626 1719 1675 1756 de

287 1788 542 1830 coordinatis,
577 1786 698 1834 idque
737 1786 779 1821 in
818 1785 1040 1832 quaestione
1075 1786 1152 1832 qua
1190 1785 1381 1832 quaeritur
1415 1784 1548 1832 qualia
1582 1784 1675 1820 sint.

286 1852 441 1900 Itaque,
472 1863 562 1887 cum
594 1849 771 1897 quinque
806 1848 888 1884 sint
920 1846 1202 1895 praedicabilia,
1234 1851 1390 1883 tantum
1426 1847 1505 1883 duo
1540 1852 1676 1884 tamen

286 1915 528 1952 universalia
545 1918 650 1956 sunt,
669 1924 796 1961 genus
814 1916 854 1948 et
869 1911 1036 1959 species.
1081 1911 1184 1947 Nam
1202 1910 1437 1953 differentia,
1454 1911 1675 1959 proprium,

287 1986 327 2018 et
356 1980 553 2021 accidens,
584 1983 783 2026 quatenus
813 1976 908 2012 talia
937 1980 1043 2018 sunt,
1074 1987 1156 2012 non
1189 1980 1285 2012 sunt
1318 1975 1569 2018 universalia,
1607 1975 1677 2012 sed

288 2049 444 2082 tantum
466 2047 663 2092 quatenus
685 2045 781 2078 sunt
801 2052 948 2089 genera
968 2043 1036 2075 aut
1057 2039 1210 2087 species
1232 2051 1370 2075 eorum
1391 2051 1479 2087 quae
1501 2038 1575 2075 sub
1595 2038 1676 2075 illis

287 2109 556 2145 continentur.
615 2106 686 2142 Ex.
705 2117 762 2154 gr.
782 2104 936 2141 Sensus
958 2108 1019 2140 est
1038 2103 1245 2151 proprium
1267 2103 1475 2146 animalis;
1507 2103 1578 2140 sed
1594 2115 1677 2140 non

287 2177 349 2209 est
368 2170 605 2212 universale,
628 2175 827 2217 quatenus
854 2172 899 2204 ut
926 2167 1134 2215 proprium
1163 2167 1212 2203 de
1233 2167 1397 2203 animali
1426 2166 1677 2215 praedicatur,

287 2235 357 2272 sed
378 2239 576 2282 quatenus
606 2232 846 2281 praedicatur
872 2231 921 2267 de
948 2231 1046 2273 visu,
1068 2230 1208 2267 auditu
1236 2235 1275 2266 et
1302 2231 1455 2267 caeteris
1477 2230 1675 2273 sensibus,

286 2304 332 2334 ut
351 2298 512 2346 genus?⁷
568 2296 826 2343 Buryersdicie:
845 2295 937 2331 [nst.
959 2295 1052 2341 Logy.
1073 2294 1097 2329 1.
1121 2294 1144 2329 i.
1167 2305 1198 2329 c.
1220 2306 1253 2329 x.
1313 2294 1401 2329 The
1430 2293 1609 2330 addition
1638 2292 1680 2330 of

286 2363 492 2402 univoczmz„
519 2361 684 2396 sec-mulsa
710 2359 925 2394 intentionis
952 2358 986 2393 is
1017 2356 1282 2405 superfluous.
1340 2357 1429 2393 The
1459 2357 1576 2394 latter
1603 2357 1676 2394 has

288 2426 388 2462 been
426 2423 636 2473 explained
671 2423 712 2458 in
748 2434 770 2458 a
803 2421 951 2457 former
984 2426 1090 2457 note.
1150 2421 1235 2458 The
1271 2420 1429 2464 former,
1466 2421 1620 2470 though
1655 2433 1678 2458 a

286 2502 496 2537 necessary
532 2487 658 2524 result
692 2485 736 2523 of
765 2486 833 2522 the
868 2485 1111 2521 abstraction
1145 2485 1240 2522 herc
1276 2485 1497 2527 described,
1533 2485 1566 2521 is
1605 2488 1678 2521 not

287 2568 308 2591 a
328 2565 539 2601 necessary
560 2556 649 2599 part
669 2551 713 2587 of
728 2550 795 2586 the
816 2550 957 2586 notion
980 2549 1023 2585 of
1038 2561 1060 2585 a
1080 2549 1322 2597 predicable.
1378 2548 1545 2591 Indeed,
1563 2548 1678 2584 other

285 2619 501 2667 Logicians
523 2614 768 2664 distinguish
791 2614 970 2651 between
992 2614 1201 2661 (equivocal,
1219 2614 1402 2655 univocal,
1421 2611 1499 2649 and
1520 2612 1678 2648 denomi-

284 2683 405 2718 vanive
427 2680 688 2729 pi'cdication.
747 2678 822 2715 See
845 2678 1090 2719 Sanderson,
1112 2677 1138 2714 l.
1162 2677 1185 2712 i.
1208 2689 1238 2713 c.
1262 2677 1295 2712 6.

338 2752 350 2771 '¹
382 2746 466 2780 Th(-
508 2744 579 2780 ssve
618 2743 756 2780 lleads
788 2743 831 2778 of
866 2742 1116 2779 Predicablcs
1149 2754 1213 2777 arc
1246 2754 1294 2777 an
1327 2740 1506 2777 addition
1539 2744 1575 2775 to
1613 2738 1678 2775 the
