1852 3137
328 226 416 272 152
886 242 1142 273 APPENfflx.

320 358 604 406 redditurum
635 375 696 412 se,
729 359 814 405 liae
847 359 948 421 lege
974 358 1226 420 pollicitus,
1258 365 1307 404 ut
1339 357 1507 404 divinet
1544 365 1705 413 mater,

320 448 470 487 utrum
504 441 631 502 apud
661 457 708 486 se
740 440 933 487 reddere
968 457 1028 486 (m
1061 457 1150 486 non
1181 440 1373 486 reddere
1405 438 1705 485 constituerit.

322 522 370 568 Si
396 521 525 569 dicat
549 529 702 568 mater
729 522 839 568 Non
862 522 1055 568 reddere
1070 540 1088 576 ;
1123 521 1386 568 mentietur
1410 520 1447 566 si
1472 519 1706 566 infantem

320 603 586 666 receperit:
635 603 682 650 Si
714 603 842 650 dicat
873 604 1098 657 reddere;
1139 619 1237 649 non
1271 602 1442 649 reddet
1470 601 1582 663 quia
1612 601 1705 647 hoc

320 690 393 730 est
438 684 626 732 salsum.
711 685 1042 736 Quamobrem
1092 682 1393 746 Chrysippus
1439 682 1557 728 nihil
1603 698 1706 728 esse

320 772 458 828 putat
491 766 728 813 difficilius
758 782 908 827 quum
941 781 1228 827 responsum
1260 764 1401 810 matri
1434 778 1707 825 suggerere.

320 847 425 894 Nec
460 847 649 910 injuria,
686 847 723 893 si
757 846 998 893 lubricum
1034 852 1175 909 putet
1210 845 1452 899 divinare3
1503 844 1587 891 sed
1622 844 1709 890 im-

319 929 509 984 meritO,
550 929 586 975 si
634 929 681 974 in
729 928 823 974 hoc
866 930 944 988 (ut
985 927 1195 984 videtur)
1240 927 1439 983 haereat,
1481 926 1628 979 Quod
1671 927 1709 973 si

319 1027 526 1073 puerum
592 1009 879 1058 Crocodilus
947 1025 1047 1056 non
1115 1009 1317 1056 reddere
1386 1009 1706 1064 constituerit,

320 1093 539 1154 quamvis
574 1093 622 1139 id
661 1093 823 1139 Mater
858 1091 1140 1138 divinaverit
1178 1107 1275 1137 non
1314 1091 1515 1138 reddet:
1571 1091 1707 1153 quasi

320 1175 571 1222 consilium
621 1175 753 1237 quod
812 1174 1021 1237 primum
1080 1174 1356 1221 intenderat
1405 1173 1708 1228 Crocodilus,

317 1264 579 1321 postquam
633 1257 899 1304 indicatum
950 1262 1039 1312 est,
1087 1256 1340 1319 repudiare
1392 1272 1489 1302 non
1543 1255 1709 1318 possit,

319 1347 366 1386 et
414 1357 474 1387 ex
521 1346 666 1403 pacto
715 1356 812 1386 non
863 1339 1070 1386 debeat:
1130 1355 1243 1385 nam
1285 1339 1323 1386 si
1365 1339 1529 1386 Mater
1574 1345 1706 1386 recte

318 1423 617 1478 divinaverit,
649 1429 848 1485 recepto
884 1439 1055 1485 puero,
1088 1439 1186 1469 non
1224 1422 1459 1469 mentitur
1492 1422 1588 1478 illa,
1622 1423 1704 1470 sed

319 1505 570 1551 consilium
596 1510 755 1551 mutat
782 1504 1080 1551 Crocodiius,

390 1587 462 1633 13,
513 1588 723 1634 METENS
771 1581 991 1648 Θερίζων
1037 1588 1118 1650 qui
1158 1593 1376 1642 vocatur,
1414 1587 1482 1633 ita
1527 1587 1708 1649 placuit

318 1668 505 1714 Zenoni
544 1669 726 1724 Stoico,
758 1676 813 1715 ut.
852 1669 1095 1731 Sophistae
1129 1686 1157 1715 a
1189 1685 1286 1731 quo
1323 1685 1433 1715 eum
1473 1669 1706 1716 didicerat

318 1750 521 1812 duplum
554 1758 715 1812 pactae
754 1751 992 1797 mercedis
1031 1756 1322 1796 numeraret.
1395 1751 1707 1812 Proponente

317 1831 606 1877 Ammonion
625 1832 690 1877 sic
712 1848 762 1877 se
783 1832 943 1878 habet.
1002 1831 1057 1878 Si
1074 1848 1297 1879 messurus
1315 1849 1376 1887 es,
1397 1832 1708 1893 nonfortasse

316 1921 469 1969 melec,
480 1914 694 1975 fortasse
719 1930 807 1960 non
832 1922 985 1968 meteS,
1004 1914 1087 1960 sed
1107 1922 1244 1960 metes
1264 1914 1441 1960 omnino
1452 1932 1471 1967 ;
1508 1913 1708 1969 Pariter,

316 1995 356 2040 si
388 2012 478 2041 non
512 2012 736 2041 messurus
767 2012 828 2050 es,
855 2013 944 2042 non
961 1995 1174 2056 fortasse
1204 2003 1356 2050 metes,
1375 1995 1588 2057 fortasse
1620 2012 1708 2042 non

317 2084 470 2131 metes,
494 2077 577 2123 sed
601 2093 796 2138 prorsus
827 2094 916 2123 non
947 2085 1099 2124 metes.
1171 2077 1320 2139 Atqui
1352 2077 1426 2123 vel
1452 2084 1619 2123 metere
1648 2085 1708 2132 te,

319 2159 392 2204 vel
423 2175 512 2204 non
547 2166 728 2214 metere,
765 2159 1066 2205 necessarium
1102 2166 1202 2212 est;
1248 2158 1375 2220 perit
1409 2158 1558 2221 igitur
1594 2158 1710 2204 For-

318 2246 461 2294 tasse,
487 2241 609 2301 quod
630 2240 676 2286 in
701 2248 866 2287 neutra
893 2241 1132 2303 hypothesi
1157 2241 1301 2286 locum
1325 2240 1473 2286 habet.
1539 2240 1710 2286 Fortu-

318 2326 492 2366 natum
517 2320 817 2382 Sophistam!
858 2321 939 2382 qui
959 2321 1182 2367 mercede
1201 2321 1349 2383 dupla
1369 2321 1500 2367 hunc
1520 2321 1708 2368 fumum

318 2401 564 2456 vendidit;
636 2402 721 2448 Vel
763 2403 862 2458 hoc,
905 2403 979 2450 vel
1016 2403 1135 2449 illud
1172 2404 1350 2450 evenire
1390 2411 1457 2449 est
1498 2419 1709 2456 necesse;

319 2483 484 2534 Quare
526 2484 608 2530 hoc
649 2492 691 2530 et
735 2501 823 2531 non
870 2485 989 2531 illud
1033 2486 1288 2532 necessario
1329 2493 1588 2546 eventurum
1627 2493 1708 2532 est.

373 2685 385 2696 '¹
417 2678 461 2713 In
480 2679 522 2713 de
539 2678 676 2724 Interp.
698 2685 789 2715 svs-t.
812 2684 843 2715 κ).
869 2692 949 2727 cap.
978 2682 1034 2716 10,
1054 2680 1075 2715 f.
1101 2681 1160 2714 91.
1180 2680 1214 2715 b.
1235 2679 1295 2716 cd.
1320 2681 1428 2716 1516.
1453 2678 1510 2716 Cf.
1536 2679 1705 2727 Mcnago

319 2741 365 2775 ml
392 2741 519 2777 Lacrt.
545 2742 606 2777 vii.
631 2745 690 2777 25.
