1852 3137
306 193 334 239 8
829 213 972 261 ARTIS.
992 215 1175 246 LOGICAE

304 326 680 390 excogitassent,
718 336 966 392 praecepta
998 346 1085 377 sua
1116 331 1165 377 in
1194 346 1348 378 unum
1373 332 1691 394 compegere3

305 425 572 473 eorumque
609 411 870 458 Scientiam
906 411 1071 459 dixere
1109 413 1354 476 Logicam,
1390 413 1487 460 sive
1525 414 1692 461 Artem

303 492 573 540 Rationism.

372 576 460 622 Est
502 576 646 638 igitur
686 577 887 641 Logica,
922 578 1014 624 Ars
1054 578 1435 625 instrumentalis
1481 578 1692 641 dirigens

303 664 518 705 mentem
542 659 591 706 in
617 660 894 722 cognitione
919 667 1109 707 rerumn
1131 678 1141 707 ε
1180 660 1380 723 ejusque
1404 668 1568 724 partes
1593 667 1691 707 tres

352 808 374 822 ¹¹¹
402 802 594 849 Loyc'cam.
652 808 674 823 “
691 802 841 852 Logica
868 803 974 840 dicta
997 808 1058 840 est
1077 806 1143 840 ἀπὸ
1162 807 1222 839 τοῦ
1240 806 1359 851 λόγου.
1413 806 1523 851 Λόγος
1542 802 1690 851 duplex

297 868 359 901 est
387 864 607 908 Aristoteli,
638 869 655 901 ὁ
683 868 752 902 ἕσω
781 867 834 902 καὶ
862 870 879 902 ὁ
907 868 972 911 ἔξω
997 870 1112 914 λόγος,
1143 865 1183 901 id
1214 870 1286 908 est,
1315 878 1430 901 sermo
1462 867 1629 902 internus
1657 872 1690 902 et

298 936 477 965 externus.
537 929 775 966 Sermonem
803 930 1008 966 internum
1032 934 1146 966 vocat
1170 932 1229 966 τὸν
1255 932 1290 966 ἐν
1316 934 1356 975 τῇ
1386 933 1486 978 ψυχῇ
1513 933 1630 978 λόγον,
1651 929 1693 966 id

297 998 369 1036 est,
403 1006 602 1030 sermonem
641 994 704 1040 qai
740 994 782 1029 in
819 994 948 1030 (mima
986 1001 1057 1030 est:
1106 994 1360 1037 Plutarchus,
1395 994 1687 1038 Damascenus,

297 1057 443 1105 aliique
478 1057 684 1105 appellant
715 1061 821 1106 λόγον
853 1060 1042 1095 ἐνδιάθετον
1076 1058 1116 1094 id
1151 1063 1213 1095 est
1243 1071 1442 1095 sermonem
1475 1059 1575 1095 intus
1608 1071 1689 1096 con-

295 1128 459 1168 ceptum;
494 1126 534 1157 et
563 1127 784 1164 externum,
813 1124 920 1169 λόγον
946 1126 1168 1170 προφορικὸν,
1199 1122 1240 1158 id
1270 1127 1341 1165 est,
1362 1135 1561 1159 sermonem
1576 1123 1691 1169 soras

289 1187 493 1233 prolatum,
525 1186 606 1222 sive
640 1185 966 1234 pronunciatum.
1024 1190 1130 1234 Λόγος
1161 1188 1350 1225 ἐνδιάθετος
1380 1186 1462 1223 sive
1491 1187 1688 1231 internus,

294 1251 398 1287 nihil
420 1255 481 1287 est
501 1250 609 1287 aliud
631 1262 750 1298 quam
779 1250 880 1286 ratio
903 1250 984 1286 sive
1005 1250 1205 1299 cogitatio,
1225 1250 1302 1286 hoc
1323 1255 1395 1294 est,
1416 1251 1518 1288 actio
1539 1252 1689 1288 mentis

294 1328 357 1352 res
379 1315 556 1365 objectas
578 1327 796 1363 earumque
815 1315 984 1351 nomina
1004 1315 1280 1363 concipientis.
1339 1316 1457 1352 Mens
1475 1316 1584 1352 enim
1604 1328 1688 1354 non

295 1380 427 1416 solum
444 1392 507 1416 res
526 1380 632 1428 ipsas
651 1379 827 1427 concipit
843 1383 962 1426 atque
979 1379 1180 1428 intelllgit,
1197 1379 1267 1415 sed
1285 1383 1325 1415 et
1337 1379 1483 1416 idonea
1497 1380 1690 1418 vocabula

294 1445 492 1492 excogitat
507 1443 556 1480 ad
574 1448 792 1491 conceptus
807 1455 901 1479 suos
919 1442 1007 1479 aliis
1025 1442 1262 1479 indicandos
1277 1447 1395 1491 atque
1410 1444 1686 1491 explicandos:

294 1512 413 1556 atque
444 1508 498 1544 ita
527 1506 826 1555 quodammodo
856 1507 897 1542 in
930 1507 1064 1555 seipsa
1093 1507 1282 1555 loquitur.
1340 1511 1449 1555 Λόγος
1477 1511 1688 1557 προφορικὸς

294 1577 412 1620 atque
427 1576 627 1614 externus,
643 1576 704 1607 est
717 1571 916 1607 sermonis
931 1571 1079 1607 interni
1091 1571 1461 1619 cogitationumque
1475 1571 1686 1620 interpres,

293 1642 411 1684 atque
436 1637 499 1686 (ut
520 1636 799 1672 Damascenus
819 1634 1009 1682 loquitur,
1031 1635 1091 1671 lib.
1115 1636 1149 1671 2.
1178 1635 1221 1670 de
1250 1634 1356 1671 Orth.
1385 1634 1476 1670 Fid.
1504 1647 1583 1682 cap.
1606 1634 1687 1683 21.)

292 1704 439 1750 ἅγγελος
467 1704 526 1736 τοῦ
555 1701 728 1746 νοήματος,
760 1698 801 1734 id
831 1703 902 1742 est,
933 1699 1090 1735 nuncius
1120 1699 1367 1746 coyitationis.
1425 1698 1486 1734 Ab
1517 1703 1688 1746 utroque

294 1775 479 1802 sermone
527 1764 728 1812 appellata
766 1768 828 1800 est
869 1763 1031 1811 Logica‚
1076 1763 1310 1811 (utrumque
1350 1763 1458 1798 enim
1496 1762 1600 1811 regit
1644 1774 1689 1799 ac

292 1829 456 1878 format)
481 1828 550 1865 sed
579 1828 627 1865 ad
656 1828 828 1870 interno,
851 1839 971 1875 quem
992 1827 1096 1863 nihil
1125 1826 1233 1863 aliud
1263 1838 1350 1863 esse
1373 1826 1546 1862 diximus
1568 1838 1688 1874 quam

292 1893 442 1929 mentis
476 1892 674 1928 rationem
711 1892 791 1928 sive
827 1891 1126 1939 cogitationem,
1166 1890 1368 1938 praecipue
1407 1895 1685 1938 nuncupatur;

293 1957 341 1993 ab
377 1961 540 1993 externo
576 1967 776 1998 sermone,
806 1955 887 1991 sive
923 1955 971 1991 ab
1012 1954 1203 1997 oratione,
1240 1959 1395 1990 tantum
1437 1953 1686 1990 secundario.

291 2021 443 2070 Logica
459 2021 567 2057 enim
583 2020 686 2069 regit
703 2018 966 2069 cogitationes
983 2019 1109 2056 animi
1127 2019 1256 2055 nostri
1276 2031 1347 2067 per
1368 2030 1409 2054 se
1424 2031 1432 2061 ς
1465 2018 1686 2055 orationem

291 2098 375 2122 non
409 2097 481 2133 per
510 2097 563 2128 se,
597 2085 692 2135 (hoc
722 2084 831 2121 enim
864 2083 1148 2120 Grammaticae
1181 2081 1386 2131 convenit)
1418 2081 1489 2118 sed
1520 2087 1686 2119 eatenus

293 2154 463 2192 tantum,
487 2154 685 2197 quatenus
705 2148 873 2185 rationis
894 2152 1041 2184 nostrae
1069 2147 1150 2184 sive
1179 2147 1467 2196 cogitationum
1490 2146 1687 2194 interpres

295 2214 395 2250 est.⁷'
450 2214 708 2261 Bmyersdicii
737 2213 828 2249 [nst.
854 2212 993 2259 L09.1.
1016 2212 1041 2248 i.
1065 2224 1097 2247 c.
1122 2214 1155 2247 1.
1214 2211 1271 2248 Cf.
1301 2211 1421 2246 Arist.
1445 2211 1560 2246 Anal.
1581 2210 1685 2246 Post.

297 2278 330 2314 I.
352 2280 409 2313 10.
430 2279 450 2313 6
495 2280 543 2313 Οὐ
561 2280 647 2325 πρὸς
665 2279 724 2312 τὸν
742 2278 807 2321 ἕξω
826 2277 965 2323 λόγονῆ
980 2277 1163 2319 ἀπόδειξις,
1179 2276 1271 2310 ἀλλὰ
1284 2277 1369 2322 πρὸς
1387 2276 1445 2309 τὸν
1464 2275 1498 2308 ἐν
1516 2277 1556 2319 τῇ
1574 2275 1688 2321 ψυχῇ,

298 2343 370 2378 ἐπεὶ
398 2342 475 2376 οὐδὲ
504 2342 753 2387 συλλογισμός.
806 2340 876 2374 Ἀεὶ
903 2340 968 2386 γὰρ
997 2340 1092 2373 ἔστιν
1119 2339 1274 2382 ἐνστῆναι
1292 2339 1377 2384 πρὸς
1398 2340 1457 2372 τὸν
1481 2338 1546 2380 ἔξω
1571 2339 1687 2384 λόγον,

298 2407 390 2441 ἀλλὰ
407 2406 492 2450 πρὸς
509 2406 567 2439 τὸν
584 2405 654 2438 ἕσω
673 2405 778 2450 λόγον
797 2403 855 2436 οὐκ
874 2402 936 2436 ἀεί.
991 2400 1079 2436 The
1107 2404 1230 2436 tel'lnS
1251 2401 1439 2438 ἐνδιάθετος
1459 2398 1538 2435 and
1557 2401 1686 2447 προφο-

297 2471 389 2516 ρικὸς
409 2478 555 2514 appear
576 2470 614 2501 to
636 2465 734 2501 have
755 2463 977 2513 originated
999 2464 1093 2499 with
1121 2464 1188 2500 the
1219 2463 1362 2501 Stoics.
1421 2462 1497 2499 See
1510 2463 1687 2511 VVytten-

300 2531 402 2566 bach
423 2542 474 2566 on
496 2528 696 2570 Plutarch,
715 2527 770 2563 ΙΙ.
788 2530 851 2563 44.
868 2527 912 2563 A.
929 2527 1148 2574 (Plutarchi
1170 2527 1350 2570 Moralia,
1368 2527 1443 2564 vol.
1461 2527 1508 2563 vi.
1527 2538 1566 2575 p.
1584 2525 1690 2576 378.)

301 2594 499 2642 Compare
520 2593 670 2635 Prantl,
692 2592 723 2628 Ι.
745 2603 782 2639 p.
803 2593 894 2634 420,
917 2593 1005 2628 507.

352 2665 365 2678 ¹¹
396 2659 464 2694 Est
485 2658 600 2705 iyitm·
620 2656 770 2704 Loyiea.
830 2655 929 2691 This
951 2655 1161 2693 definition
1189 2657 1222 2692 is
1245 2667 1354 2692 more
1375 2654 1474 2703 fully
1493 2654 1609 2703 given
1636 2653 1688 2702 by

299 2722 590 2771 Burgersdyvlz,
622 2723 713 2759 [nst.
747 2723 837 2769 Laq.
865 2721 889 2757 l,
921 2722 942 2756 i¹
967 2734 996 2757 c.
1026 2725 1054 2757 l.
1115 2729 1134 2741 ⁴¹
1156 2722 1295 2769 Layica
1326 2728 1374 2756 est
1405 2733 1466 2756 ars
1495 2719 1688 2766 conficiens
