1852 3137
312 226 401 271 156
873 239 1127 271 APPENDIX.

307 363 581 421 praeceptor
614 355 866 402 Ptolemaei
903 354 1205 418 Philadelphi
1238 354 1384 401 solius
1422 353 1696 401 Mentientz's

308 439 581 503 explicandi
619 438 777 485 studio
820 437 1073 483 confectus
1113 436 1391 483 interierit¹.
1462 436 1697 489 Quamvis

308 527 471 568 autem
497 519 770 567 Aristotelis
802 518 1060 575 beneficio,
1085 518 1340 566 videantur
1370 519 1462 565 ista
1498 524 1552 564 ut
1585 521 1700 564 sunt

308 603 446 658 levia,
481 602 528 648 in
564 602 619 648 iis
655 607 819 648 tamen
861 606 1086 664 prompte
1122 606 1271 663 atque
1307 599 1564 646 artificiose
1604 598 1697 644 sol-

310 684 477 732 vendis
524 700 621 730 non
670 683 902 729 inutiliter
949 698 1053 729 sese
1101 682 1316 729 Juvenes
1368 681 1697 728 exercebunt:

310 782 423 812 nam
465 766 511 812 in
560 764 849 826 gravissimis
893 763 1330 826 Disputationibus,
1372 763 1479 809 haec
1528 761 1697 808 eadem

309 853 506 895 recocta
560 847 716 893 Novae
773 846 1044 908 praesertim
1103 844 1431 907 Philosophiae
1487 843 1699 890 cultores

311 929 573 992 saepissime
597 933 858 990 reponunt.

376 1011 432 1056 V.
458 1026 502 1072 g.
557 1009 823 1056 Ges-sendus
867 1008 1089 1054 Vacuum
1137 1007 1269 1070 quod
1311 1007 1522 1070 appellat
1562 1006 1702 1052 disse-

312 1093 535 1139 minatum
560 1091 731 1138 eodem
757 1091 856 1137 fere
887 1089 1193 1153 Sophismate
1226 1089 1560 1135 demonstrare
1597 1104 1703 1150 per-

313 1174 485 1230 tendit,
533 1190 630 1236 quo
679 1173 791 1219 olim
841 1173 978 1218 Zeno
1025 1179 1186 1218 contra
1227 1180 1395 1218 motum
1442 1171 1700 1217 utebatur:

312 1257 560 1319 Suamque
579 1256 794 1302 Hobbius
820 1255 881 1301 de
906 1254 1199 1301 Necessitate
1223 1254 1513 1300 sententiam
1532 1252 1701 1299 iisdem

310 1343 588 1401 propugnat
620 1337 839 1384 Fallaciis
879 1336 1054 1398 quibus
1087 1336 1259 1382 Fatum
1292 1335 1470 1382 Stoici:
1513 1334 1702 1396 aliaque

311 1421 520 1483 plurima
535 1420 679 1482 hujus
695 1419 901 1481 generiS,
918 1435 1028 1480 quae
1045 1424 1159 1464 sunt
1177 1417 1332 1465 Nobis
1348 1417 1704 1481 praetereunda,

312 1505 536 1552 studiosis
560 1504 687 1550 inter
711 1503 973 1565 legendum
1000 1509 1274 1549 occurrent.

380 1586 566 1632 Fefellit
604 1586 771 1631 Virum
810 1585 923 1632 satis
960 1585 1075 1631 alias
1111 1585 1442 1648 perspicacem
1484 1584 1590 1631 haec
1633 1601 1704 1631 se-

315 1668 474 1730 quela,
516 1683 627 1729 quae
669 1667 717 1712 in
766 1666 1018 1727 Ambiguis
1065 1666 1414 1727 distinguendis
1461 1673 1704 1713 versatum

315 1749 512 1795 minime
561 1748 779 1810 (opinor)
828 1746 1102 1801 fefellisset3
1163 1747 1359 1794 Possum
1405 1748 1528 1794 datoe
1579 1748 1706 1809 peri-

312 1831 489 1893 plterioe
537 1830 747 1877 trientem
795 1830 1061 1883 exhibere&-
1126 1829 1321 1876 Possum
1363 1830 1510 1893 igitur
1551 1830 1708 1876 datam

310 1913 624 1976 peripheriam
662 1913 914 1959 trisecare:
951 1912 1088 1974 cujus
1112 1912 1369 1958 falsitatem
1405 1912 1508 1974 ipsa
1540 1913 1709 1959 Praxis

318 1995 591 2056 redarguit3
654 2010 813 2055 neque
869 1994 996 2040 enim
1053 1994 1279 2040 trientem
1340 1993 1575 2050 exhibuit,
1623 1994 1708 2040 sed

318 2077 514 2123 alterius
557 2076 718 2122 circuli
769 2075 1089 2138 peripheriam
1138 2075 1300 2121 trienti
1347 2091 1542 2137 parem:
1597 2075 1643 2122 h.
1669 2092 1710 2122 e.

321 2175 418 2205 non
467 2159 678 2206 trientem
724 2159 899 2220 ipsum,
942 2158 1029 2204 sed
1070 2157 1250 2204 trientis
1289 2158 1521 2204 valorem:
1575 2157 1713 2205 Paria

320 2240 510 2286 fecisset
552 2240 635 2302 qui
677 2239 895 2285 oblatum
938 2239 1025 2284 sibi
1066 2238 1271 2294 solidum
1315 2239 1612 2294 trisecturus,
1649 2224 1710 2285 ne

322 2326 584 2367 attrectato
611 2321 807 2382 quidem
833 2319 987 2365 solido
1012 2320 1305 2381 porrexisset
1331 2320 1613 2366 drachmam
1625 2326 1654 2366 Υ.

378 2488 389 2501 ‘⁵
422 2481 497 2517 See
518 2481 751 2524 Athenaeus,
772 2482 906 2529 Deipn.
928 2482 978 2518 ix.
1005 2484 1063 2518 64.

378 2551 391 2570 y
422 2545 531 2582 Datce
556 2547 773 2592 peripherioe
805 2547 982 2582 trientem.
1040 2546 1202 2582 Aldrich
1235 2559 1401 2595 appears
1429 2551 1468 2583 to
1495 2547 1594 2584 have
1626 2547 1714 2584 mis-

328 2609 445 2645 taken
468 2610 533 2645 the
564 2610 757 2657 problem.
816 2610 946 2646 Thcrc
981 2610 1013 2645 is
1045 2622 1097 2646 no
1130 2609 1321 2659 difficulty
1345 2612 1384 2647 in
1411 2611 1618 2660 trisecting
1647 2611 1713 2647 the

329 2673 441 2708 muira
471 2673 748 2718 circumiserens(³
782 2674 825 2709 os
856 2686 877 2709 a
911 2673 1039 2715 circle,
1072 2674 1199 2710 which
1236 2686 1323 2723 ma)v
1355 2674 1403 2710 bc
1438 2674 1542 2711 donc
1577 2674 1627 2722 by
1661 2675 1715 2710 in-

331 2736 506 2779 sci-'thing
546 2749 592 2771 an
635 2737 864 2783 oquilatoml
904 2738 1083 2785 trianglo„
1121 2738 1283 2784 (Euelid
1318 2739 1362 2774 iv.
1397 2742 1449 2784 ⁴2.)
1509 2739 1594 2775 The
1631 2744 1717 2774 true
