1852 3137
328 237 418 283 15&
896 251 1150 282 APPENDlx.

318 368 494 430 posito,
527 373 575 413 et
608 367 841 429 majorem
879 382 939 412 ex
977 366 1341 419 demonstrat03
1386 364 1710 426 colligendum

320 455 423 495 erat
457 450 590 495 datos
621 465 716 495 esse
749 449 869 494 inter
898 464 945 494 36
979 447 1265 509 compositos,
1299 447 1423 509 quod
1452 455 1519 493 est
1553 454 1715 492 contra

320 531 632 593 Hypotlzesin.
715 529 896 576 Verum
953 545 1012 575 ne
1069 529 1286 591 pluribus
1341 528 1576 590 exemplis
1623 528 1711 574 sim

319 612 569 667 molestus,
599 611 728 658 malo
762 610 987 672 gencrale
1022 626 1321 672 responsum.
1395 610 1515 655 Dico
1548 609 1709 671 igitur,

321 694 468 745 Quod
525 693 660 739 nulla
716 692 995 754 hujusmodi
1059 692 1422 738 Demonstratio
1482 690 1712 753 supponit

321 775 474 820 solam
493 789 594 820 suae
616 773 954 820 Conclusionis
976 773 1440 826 Contradictoriam3
1477 772 1559 818 sed
1581 788 1713 834 quae-

320 856 435 902 libet
470 871 581 902 cum
618 855 1006 902 Contradictoria
1048 854 1183 916 ponit
1222 854 1402 916 aliquid
1437 854 1569 916 quod
1603 870 1709 900 eam

322 938 522 990 cvertit3
558 942 606 982 et
626 942 858 991 evertere,
874 936 1254 982 demonstrando
1271 936 1495 982 ostendit.
1544 936 1709 987 Quare

323 1018 698 1067 Conclusionem
739 1034 836 1064 non
874 1019 1019 1065 infert
1054 1034 1116 1064 ex
1152 1017 1255 1080 ejus
1294 1017 1708 1072 Contradictoria;

321 1101 406 1147 sed
443 1116 505 1146 ex
548 1099 937 1146 Contradictoria
977 1115 1088 1145 cum
1127 1099 1529 1146 Contradictoriae
1577 1115 1710 1146 ever-

321 1182 449 1228 siva:
487 1181 618 1243 quod
645 1181 682 1227 si
706 1181 851 1227 faciat
870 1181 988 1227 nihil
1007 1181 1195 1227 mirum.
1268 1182 1397 1227 Nam
1417 1181 1472 1228 Si
1491 1181 1708 1228 Socrates

320 1281 362 1312 v.
388 1280 433 1326 g.
472 1273 540 1311 est
571 1265 718 1319 homo,
743 1272 787 1310 et
812 1264 1118 1318 irrationalis,
1144 1270 1247 1309 tum
1280 1264 1335 1310 Si
1358 1273 1426 1311 est
1449 1265 1596 1320 homo,
1620 1282 1708 1311 non

321 1355 386 1393 est
409 1347 539 1393 homo
556 1365 572 1393 .·
609 1347 674 1393 Et
703 1345 758 1392 Si
790 1345 1008 1392 Socrates
1033 1354 1100 1392 est
1123 1353 1343 1400 mortuus,
1367 1354 1411 1392 et
1435 1347 1521 1393 scit
1544 1363 1591 1392 se
1614 1363 1708 1393 esse

318 1437 559 1484 mortuum,
606 1434 711 1474 tum
762 1428 816 1474 Si
860 1436 928 1474 est
973 1436 1176 1474 mortuus
1224 1444 1313 1474 non
1359 1436 1426 1474 est
1472 1436 1709 1474 mortuus:

321 1511 385 1556 Et
417 1509 782 1564 Universaliten
814 1509 869 1555 Si
901 1517 945 1555 et
977 1509 1074 1555 lzoec
1114 1516 1181 1555 est
1221 1525 1329 1555 vera
1367 1517 1412 1555 et
1449 1525 1550 1570 quoe
1590 1509 1709 1555 hanc

319 1592 511 1639 evertit:
547 1597 649 1638 tum
678 1590 732 1637 Sz·
762 1591 859 1637 lzoec
891 1599 958 1637 est
988 1607 1112 1646 vera,
1137 1607 1226 1637 non
1258 1599 1325 1637 est
1355 1607 1497 1637 vera:
1533 1591 1707 1653 quibus

320 1673 543 1721 omnibus
583 1674 709 1720 inest
750 1689 846 1719 una
886 1688 997 1735 quae
1044 1677 1118 1718 est
1162 1688 1360 1734 prorsus
1407 1672 1541 1719 nuila
1586 1673 1708 1719 diffi-

320 1756 488 1803 cultas.
582 1755 678 1801 Ubi
742 1755 868 1800 enim
936 1754 1238 1817 Hypothesis
1301 1754 1472 1800 evertit
1531 1770 1709 1816 suppo-

319 1837 558 1892 sitionem,
612 1835 779 1898 quidni
832 1851 893 1882 ex
953 1834 1228 1898 Hypothesi
1276 1847 1524 1897 sequatur,
1573 1834 1705 1897 quod

319 1918 647 1982 Suppositioni
673 1916 961 1964 contradicit
979 1918 996 1962 Ἰ
