1868 3117
682 222 988 253 RUDIMENTA.
1467 209 1524 254 91

206 338 249 399 ξ.
278 336 320 386 7.
359 337 694 384 REDUCTIOle
729 337 987 384 ostensivae
1022 337 1242 385 validitas
1272 339 1337 384 sic
1372 344 1533 385 osten-

139 418 281 465 ditur.
354 420 431 465 Ex
456 419 714 481 praemissis
738 418 1021 474 reducendi,
1046 435 1132 481 per
1161 420 1530 467 conversionem

135 499 439 562 imperatam,
486 500 759 546 necessario
809 499 1106 561 colliguntur
1153 501 1417 563 praemissae
1459 517 1532 547 re-

137 581 269 628 ducti
290 600 299 628 :
338 588 487 645 atque
513 598 574 629 ex
599 582 670 638 iis,
694 598 782 644 per
807 581 1014 644 figuram
1039 583 1261 645 primam,
1282 583 1532 630 conclusio

135 663 323 710 reducti
344 680 353 710 :
392 680 503 726 quae
528 663 606 711 vel
630 664 735 726 ipsa
759 663 1009 710 conclusio
1034 664 1300 712 reducendi
1326 665 1433 720 erit,
1459 665 1533 711 vel

137 761 224 808 per
248 745 479 793 illativam
508 746 876 792 conversionem
904 745 1005 792 fiet.

207 828 524 875 Reductionis
563 844 649 891 per
683 828 989 890 Impossibile
1024 828 1245 875 validitas
1275 829 1341 875 sic
1375 833 1536 875 osten-

139 910 282 956 ditur.
353 910 598 961 Quoniam
660 910 923 972 praemissae
986 926 1047 956 ex
1103 909 1365 972 hypothesi
1422 916 1536 957 sunt

139 1008 329 1055 semper
364 1008 509 1047 verae,
543 1006 658 1053 ergo
696 991 1076 1038 contradictoria
1111 993 1375 1054 praemissae
1412 1009 1537 1038 nun-

139 1089 285 1135 quam
312 1089 455 1119 vera:
493 1088 609 1134 ergo
644 1073 1020 1119 contradictoria
1053 1074 1379 1120 conclusionis
1412 1090 1537 1121 nun-

140 1170 286 1217 quam
322 1152 492 1201 verah:
546 1155 683 1216 (nam
719 1154 806 1202 has
843 1155 985 1201 simul
1021 1171 1158 1201 veras
1195 1171 1299 1202 esse
1337 1155 1537 1202 demon-

141 1243 322 1284 stratur
341 1237 390 1284 in
410 1237 645 1298 Barbara)
673 1252 788 1298 ergo
810 1237 1186 1284 contradictoria
1212 1238 1536 1285 conclusionis

142 1334 333 1381 semper
356 1318 502 1365 falsa:
541 1334 655 1380 ergo
682 1318 933 1365 conclusio
958 1319 1062 1381 ipsa
1087 1335 1277 1381 semper
1301 1335 1429 1366 vera.

212 1400 505 1463 [Reducitur
563 1400 708 1446 etiam
769 1399 970 1462 quilibet
1024 1400 1201 1446 modus
1260 1401 1536 1456 innominis,

142 1481 271 1529 facto
306 1482 438 1545 quod
475 1482 770 1544 praecipitur,
796 1481 855 1528 ad
891 1482 1165 1544 praemissas
1199 1483 1272 1529 sui
1303 1483 1538 1529 subalter-

143 1564 319 1611 nantis.
390 1565 519 1611 Tum
566 1580 682 1610 vero
725 1563 993 1619 conclusio,
1038 1580 1149 1626 quae
1193 1565 1447 1627 colligetur
1487 1565 1535 1612 in

143 1647 312 1710 prima,
339 1646 429 1693 erit
454 1646 529 1692 vel
556 1645 791 1708 expositae
818 1645 1174 1701 subalternam,
1199 1647 1275 1693 vel
1308 1647 1357 1693 in
1387 1662 1538 1710 expo-

143 1729 282 1775 sitam
310 1745 395 1791 per
419 1727 644 1774 accidens
670 1734 997 1774 convertetur.

212 1807 563 1856 Reductionesi
623 1810 758 1870 (cum
816 1810 986 1872 primae
1041 1810 1102 1856 ad
1157 1810 1382 1872 reliquaS,
1429 1817 1684 1900 tumffl'ff’r'
1700 1829 1729 1858 1.

146 1959 247 1995 This
278 1958 358 1995 had
389 1959 492 1995 been
525 1958 629 1995 done
661 1958 818 2002 before,
849 1959 979 2008 partly
1007 1960 1059 2008 by
1083 1960 1206 2008 Jung,
1235 1960 1277 1996 in
1306 1961 1373 1997 the
1394 1962 1537 2009 Logsica

142 2023 449 2070 Hambu‘rqensis,
472 2022 519 2057 B.
540 2021 620 2057 III.
642 2022 702 2058 ch.
728 2024 787 2058 12.
811 2024 846 2073 ξ.
872 2025 931 2059 15.
952 2022 1032 2059 and
1050 2023 1180 2071 partly
1201 2023 1252 2071 by
1268 2023 1386 2067 Wolf,
1407 2025 1537 2061 Philo-

143 2088 272 2134 sophia
293 2087 522 2128 Rationalis,
547 2087 581 2137 ξ.
604 2086 693 2122 384.

198 2150 212 2171 ¹¹
245 2150 362 2186 Since
383 2161 405 2185 a
425 2148 522 2185 false
544 2149 779 2185 conclusion
799 2154 947 2186 cannot
967 2149 1016 2186 be
1036 2149 1170 2186 drawn
1190 2151 1359 2188 without
1378 2158 1418 2189 at
1432 2152 1535 2189 least

144 2226 221 2250 one
253 2213 351 2249 false
382 2213 568 2261 premise,
592 2224 658 2249 see
684 2213 759 2248 An.
789 2212 852 2249 Pr.
873 2213 912 2249 ii.
935 2215 969 2249 2.
995 2216 1028 2249 1.
1085 2213 1168 2250 But
1197 2214 1239 2250 in
1271 2215 1338 2251 the
1368 2222 1533 2263 present

145 2278 364 2326 syllogism,
386 2289 463 2314 one
493 2277 667 2325 premise
697 2277 730 2313 is
761 2278 876 2326 given
906 2282 1007 2320 true,
1029 2278 1151 2327 being
1179 2290 1255 2315 one
1283 2278 1327 2315 of
1351 2279 1466 2317 those
1494 2280 1539 2317 of

145 2340 213 2377 the
235 2340 404 2389 original
428 2340 657 2388 syllogism;
689 2339 757 2375 the
785 2340 910 2383 other,
933 2340 1143 2383 therefore,
1164 2341 1198 2377 is
1218 2340 1328 2384 false,
1352 2342 1479 2379 which
1500 2343 1533 2379 is

145 2406 213 2440 the
235 2403 526 2451 contradictory
547 2402 592 2439 of
616 2403 684 2440 the
712 2404 882 2452 original
911 2405 1159 2441 conclusion.
1215 2405 1302 2441 The
1328 2405 1535 2455 syllogism

145 2468 194 2503 ad
215 2468 432 2514 impossibile
451 2467 530 2502 will
549 2471 622 2502 not
643 2467 785 2516 always
812 2468 861 2504 be
890 2468 932 2504 in
959 2467 1159 2510 Barbara;
1191 2468 1346 2517 though
1374 2469 1405 2505 it
1429 2470 1464 2505 is
1491 2482 1535 2507 so

144 2532 186 2567 in
207 2531 274 2567 the
295 2530 505 2567 reduction
526 2529 569 2566 of
584 2529 741 2566 Baroko
763 2531 842 2567 and
862 2531 1061 2568 Bokardo.

199 2596 206 2619 ἱ
238 2594 294 2632 Of
320 2594 434 2630 these
461 2593 705 2636 reductions‚
727 2595 758 2630 it
783 2594 888 2631 need
915 2595 1009 2643 only
1028 2595 1078 2631 be
1106 2595 1311 2636 observed,
1333 2596 1420 2632 that
1443 2597 1536 2645 they

147 2671 212 2695 are
234 2659 326 2706 only
346 2657 525 2706 possible
546 2656 675 2693 where
703 2657 771 2694 the
800 2670 910 2694 same
940 2658 1122 2706 problem
1145 2670 1218 2694 can
1246 2658 1295 2694 be
1326 2659 1474 2707 proved
1494 2660 1536 2696 in

146 2723 244 2759 both
264 2722 435 2772 figures;
466 2721 594 2757 hence
618 2720 710 2769 only
738 2723 920 2770 negative
949 2721 1178 2770 syllogisms
1200 2734 1272 2759 ean
1293 2722 1342 2759 be
1362 2723 1535 2760 reduced
