1868 3117
695 241 997 273 RUDIMENTA.
1481 227 1539 273 19

148 372 355 418 quorum
410 362 679 420 conceptus
739 373 790 404 se
847 363 1021 404 mutuo
1081 356 1434 419 ingrediuntur,
1483 363 1539 404 ut

147 438 296 485 Pater
319 447 362 485 et
396 439 546 486 Filius
561 458 579 486 .·
615 455 727 485 nam
754 444 802 485 et
825 439 907 485 illa
932 444 1249 501 opponuntur
1273 437 1534 493 absolutis3

146 521 230 567 sed
254 528 491 568 vocantur
514 521 709 584 proprio
734 521 932 567 nomine
957 519 1215 582 Κρίσωνα]

213 604 256 652 7.
299 603 643 658 Convenientz‘a,
687 608 801 649 sunt
848 618 958 664 quae
1007 607 1214 665 possunt
1261 601 1320 648 de
1363 601 1535 648 eodem

145 684 288 731 simul
330 685 438 741 dici,
480 692 535 731 ut
576 685 735 732 doctus
776 693 819 732 et
855 686 998 748 pius:
1042 685 1394 749 Repugnantz'a,
1437 685 1536 733 sive

149 766 392 829 Opposita,
419 784 530 829 quae
554 784 652 814 non
678 773 899 830 possunt,
922 774 978 814 ut
1004 768 1157 814 album
1182 775 1226 814 et
1250 765 1474 830 nigrumj.

213 847 517 911 [Oppositiok
542 849 846 911 incomplexe,
871 849 969 896 sive
1003 849 1323 895 terminorum
1357 848 1535 911 simpli·
1550 856 1688 888 Cat-10·
1708 858 1735 887 1-

145 930 289 985 cium,
325 936 399 977 est
435 931 633 977 omnino
671 930 1008 993 quadruplex:
1058 931 1099 977 1.
1135 931 1371 986 Relativa,
1407 930 1535 976 inter

142 1012 374 1059 terminos
406 1013 649 1068 relativos,
680 1019 735 1060 ut
766 1013 961 1059 Patrem
994 1021 1038 1060 ec
1068 1013 1256 1060 Filium.
1328 1013 1372 1059 2.
1415 1012 1535 1059 Con-

142 1094 309 1149 traria,
349 1095 475 1141 inter
521 1096 794 1151 contrarios,
829 1096 858 1142 i.
892 1111 932 1142 e.
965 1095 1214 1142 absolutos
1261 1111 1311 1141 se
1358 1101 1531 1141 mutuo

139 1175 374 1237 pellentes
411 1193 472 1223 ex
509 1177 728 1240 subjecto
765 1177 1041 1223 alterutrius
1075 1177 1256 1239 capaci,
1291 1182 1345 1224 ut
1378 1177 1532 1224 album

139 1265 183 1304 et
209 1257 408 1321 nigrum.
479 1259 523 1306 3.
562 1259 817 1314 Privativa,
842 1259 968 1305 inter
999 1258 1292 1320 privativum
1326 1263 1375 1304 et
1406 1259 1533 1321 posi—

138 1338 307 1395 tivum,
343 1346 399 1386 ut
439 1341 663 1387 videntem
705 1349 749 1387 et
785 1357 966 1387 coecum.
1043 1340 1086 1386 4.
1134 1340 1530 1395 Contradictoria,

137 1419 263 1466 inter
297 1421 559 1483 positivum
593 1428 642 1468 et
677 1422 972 1484 negativum,
1005 1421 1219 1484 intellige
1256 1421 1448 1467 finitum
1483 1427 1531 1467 et

135 1502 396 1559 infinit-um,
417 1509 470 1550 ut
489 1504 713 1550 hominem
732 1512 777 1550 et
795 1503 1145 1550 non-lzomz'nem.
1208 1503 1332 1549 Haec
1353 1510 1426 1549 est
1447 1519 1532 1565 op-

135 1585 433 1647 positionum
458 1586 685 1642 maxima,
705 1586 818 1648 quia
836 1585 1024 1632 nullum
1049 1584 1261 1631 admittit
1285 1585 1526 1639 medium3

135 1682 296 1729 neque
337 1668 740 1731 Participatiom's,
775 1661 919 1730 quale
956 1673 1030 1714 est
1068 1667 1260 1714 suscum
1302 1674 1529 1730 respectu
1543 1680 1614 1711 Cat.
1631 1681 1729 1710 10.8.

136 1749 231 1795 albi
262 1755 310 1796 et
341 1750 502 1814 nigri;
544 1767 703 1813 neque
736 1750 1094 1813 Abnegatz'oniS,
1128 1749 1270 1811 quale
1304 1755 1376 1796 est
1408 1749 1528 1812 lapis

181 1979 192 2008 J'
227 1978 491 2026 Repuynamia
525 1978 672 2016 should
704 1984 777 2015 not
813 1979 863 2015 be
899 1978 1136 2015 considered
1170 1990 1212 2015 as
1248 1991 1524 2028 synonymous

131 2041 226 2078 with
256 2043 430 2089 opposita.
500 2042 633 2078 There
668 2054 733 2078 are
767 2053 887 2090 many
916 2045 1165 2090 repugnants
1196 2041 1326 2078 which
1355 2054 1421 2079 are
1450 2047 1524 2080 not

131 2105 322 2142 included
349 2105 479 2142 under
506 2118 582 2155 any
602 2105 647 2142 of
665 2105 888 2142 Aristotle's
915 2104 1005 2141 four
1030 2104 1171 2141 modes
1200 2104 1244 2141 of
1266 2106 1522 2154 opposition;

130 2180 164 2205 e.
185 2180 220 2217 g.
242 2170 306 2205 red
327 2168 406 2205 and
426 2170 506 2205 blue
527 2181 592 2205 are
612 2173 851 2217 repugnant,
872 2168 946 2204 but
964 2172 1036 2205 not
1056 2167 1247 2216 opposed.

181 2231 196 2251 ¹¹
225 2234 367 2281 Λέγεται
392 2235 428 2269 δέ
455 2234 570 2281 ἕτερον
596 2235 698 2282 ἑτέρῳ
722 2234 930 2269 ἀντικεῖσθαι
954 2237 1136 2279 τετραχῶς,
1160 2233 1179 2278 ἢ
1199 2234 1244 2269 ὡς
1269 2234 1311 2268 τὰ
1335 2235 1420 2280 πρός
1438 2249 1480 2275 τι,
1504 2234 1523 2278 ἢ

127 2298 171 2333 ὡς
197 2297 239 2332 τὰ
267 2298 407 2338 ἐναντία,
432 2298 451 2342 ἢ
478 2299 522 2333 ὡς
546 2298 710 2344 στέρησις
734 2299 788 2332 καὶ
815 2298 894 2341 ἕξις,
922 2297 940 2341 ἢ
967 2298 1011 2333 ὡς
1038 2297 1232 2342 κατάφασις
1256 2297 1310 2331 καὶ
1335 2297 1522 2342 ἀπόφασις.

126 2358 324 2394 Ἀντίκειται
350 2361 386 2395 δὲ
411 2360 555 2395 ἕκαστον
577 2364 643 2395 τῶν
667 2359 827 2395 τοιούτων
852 2362 896 2396 ὡς
920 2359 1014 2407 τύπῳ
1040 2359 1145 2394 εἰπεῖν
1169 2360 1213 2395 ὡς
1237 2360 1299 2404 μὲν
1323 2360 1365 2393 τὰ
1388 2362 1474 2406 πρός
1491 2375 1523 2394 τι

125 2418 196 2455 οἷον
219 2423 258 2456 τὸ
286 2423 470 2457 διπλάσιον
493 2426 540 2470 τῷ
565 2423 691 2468 ἡμίσει,
712 2424 756 2458 ὡς
775 2424 811 2457 δὲ
836 2423 877 2457 τὰ
900 2422 1040 2462 ἐναντία,
1062 2419 1133 2456 οἷον
1150 2422 1188 2456 τὸ
1208 2423 1308 2456 κακὸν
1326 2424 1373 2469 τῷ
1392 2422 1520 2469 ἀγαθῷ,

126 2485 171 2520 ὡς
199 2485 235 2519 δέ
262 2486 304 2519 τὰ
331 2486 414 2519 κατὰ
441 2486 604 2532 στέρησιν
628 2488 681 2520 καὶ
708 2486 787 2530 ἕξιν,
808 2484 879 2520 οἷον
902 2487 1077 2531 τυφλότης
1099 2487 1152 2519 καὶ
1175 2485 1268 2530 ὄψις,
1290 2486 1334 2520 ὡς
1360 2485 1396 2519 δέ
1422 2486 1520 2518 κατά-

125 2548 236 2592 φασις
255 2548 308 2582 καὶ
326 2548 513 2593 ἀπόφασις,
529 2547 600 2583 οἷον
613 2549 751 2593 κάθηται
765 2550 803 2582 οὐ
819 2549 967 2592 κάθηται,
1002 2545 1086 2583 Cat.
1106 2549 1164 2583 10.
1183 2549 1215 2582 l.
1257 2545 1315 2582 Cf.
1336 2546 1516 2593 Metaph.

126 2607 174 2644 iv.
200 2610 261 2645 10.
318 2608 548 2646 Contraries
569 2621 635 2645 are
655 2609 723 2645 the
745 2613 820 2645 two
841 2613 948 2645 most
968 2609 1152 2657 opposite
1173 2608 1359 2656 qualities
1381 2608 1425 2645 of
1446 2609 1514 2646 the

126 2682 236 2708 same
253 2671 355 2708 class
370 2671 414 2708 of
427 2671 513 2721 subj
521 2676 614 2715 ects,
630 2684 661 2708 e.
676 2684 712 2721 g.
726 2673 829 2708 blcwk
845 2671 923 2708 and
939 2673 1055 2715 white,
1070 2684 1112 2708 as
1126 2672 1283 2709 colours
1298 2671 1342 2708 of
1353 2671 1511 2715 bodies;

123 2735 240 2772 virtue
259 2734 338 2772 and
358 2736 443 2779 vice,
465 2747 507 2772 as
528 2735 661 2773 habits
683 2735 728 2772 of
743 2736 810 2772 the
833 2736 932 2773 soul.
978 2735 1037 2773 Cf.
1061 2736 1148 2774 Cat.
1173 2739 1232 2774 ll.
1255 2737 1289 2773 5.

775 2805 855 2850 02
