<?xml version="1.0" encoding="UTF-8"?>
<!DOCTYPE html PUBLIC "-//W3C//DTD XHTML 1.0 Transitional//EN"
    "http://www.w3.org/TR/xhtml1/DTD/xhtml1-transitional.dtd">
<html xmlns="http://www.w3.org/1999/xhtml" xml:lang="en" lang="en">
 <head>
  <title>
</title>
<meta http-equiv="Content-Type" content="text/html;charset=utf-8" />
  <meta name='ocr-system' content='tesseract 3.04.00' />
  <meta name='ocr-capabilities' content='ocr_page ocr_carea ocr_par ocr_line ocrx_word'/>
</head>
<body>
  <div class='ocr_page' id='page_1' title='image "artislogicaerudi00aldruoft_0224.png"; bbox 0 0 1852 3137; ppageno 0'>
   <div class='ocr_carea' id='block_1_1' title="bbox 327 224 1148 270">
    <p class='ocr_par' dir='ltr' id='par_1_1' title="bbox 327 224 1148 270">
     <span class='ocr_line' id='line_1_1' title="bbox 327 224 1148 270; baseline -0.004 0"><span class='ocrx_word' id='word_1_1' title='bbox 327 224 419 270; x_wconf 80' lang='lat'>140</span> <span class='ocrx_word' id='word_1_2' title='bbox 891 238 1148 269; x_wconf 85' lang='lat' dir='ltr'>APPENDIX.</span> 
     </span>
    </p>
   </div>
   <div class='ocr_carea' id='block_1_2' title="bbox 323 351 1729 1643">
    <p class='ocr_par' dir='ltr' id='par_1_2' title="bbox 323 351 1723 909">
     <span class='ocr_line' id='line_1_2' title="bbox 323 351 1717 418; baseline -0.006 -14"><span class='ocrx_word' id='word_1_3' title='bbox 323 373 542 404; x_wconf 77' lang='lat' dir='ltr'>non—vera</span> <span class='ocrx_word' id='word_1_4' title='bbox 583 372 670 418; x_wconf 85' lang='lat' dir='ltr'>pro</span> <span class='ocrx_word' id='word_1_5' title='bbox 707 371 848 408; x_wconf 48' lang='lat' dir='ltr'>veram·</span> <span class='ocrx_word' id='word_1_6' title='bbox 903 354 999 400; x_wconf 91' lang='lat' dir='ltr'>sive</span> <span class='ocrx_word' id='word_1_7' title='bbox 1036 369 1064 399; x_wconf 91' lang='lat' dir='ltr'>a</span> <span class='ocrx_word' id='word_1_8' title='bbox 1099 353 1296 400; x_wconf 72' lang='lat' dir='ltr'>non-tali</span> <span class='ocrx_word' id='word_1_9' title='bbox 1333 367 1421 414; x_wconf 85' lang='lat' dir='ltr'>pro</span> <span class='ocrx_word' id='word_1_10' title='bbox 1465 351 1551 397; x_wconf 71' lang='lat' dir='ltr'>tali</span> <span class='ocrx_word' id='word_1_11' title='bbox 1566 356 1610 397; x_wconf 89' lang='lat'>¹¹:</span> <span class='ocrx_word' id='word_1_12' title='bbox 1662 355 1717 396; x_wconf 88' lang='lat' dir='ltr'>ut</span> 
     </span>
     <span class='ocr_line' id='line_1_3' title="bbox 329 432 1714 500; baseline -0.006 -14"><span class='ocrx_word' id='word_1_13' title='bbox 329 440 520 486; x_wconf 76' lang='lat' dir='ltr'>Cometa</span> <span class='ocrx_word' id='word_1_14' title='bbox 540 437 720 500; x_wconf 77' lang='lat' dir='ltr'>fulsit;</span> <span class='ocrx_word' id='word_1_15' title='bbox 779 437 910 497; x_wconf 83' lang='lat' dir='ltr'>Ergo</span> <span class='ocrx_word' id='word_1_16' title='bbox 948 436 1137 481; x_wconf 80' lang='lat' dir='ltr'>Bellum</span> <span class='ocrx_word' id='word_1_17' title='bbox 1174 435 1297 487; x_wconf 55' lang='lat' dir='ltr'>erim</span> <span class='ocrx_word' id='word_1_18' title='bbox 1350 432 1500 479; x_wconf 87' lang='lat' dir='ltr'>Nullo</span> <span class='ocrx_word' id='word_1_19' title='bbox 1536 432 1714 486; x_wconf 88' lang='lat' dir='ltr'>modo;</span> 
     </span>
     <span class='ocr_line' id='line_1_4' title="bbox 324 515 1721 576; baseline -0.006 -8"><span class='ocrx_word' id='word_1_20' title='bbox 324 538 434 568; x_wconf 85' lang='lat' dir='ltr'>nam</span> <span class='ocrx_word' id='word_1_21' title='bbox 469 522 507 567; x_wconf 88' lang='lat' dir='ltr'>si</span> <span class='ocrx_word' id='word_1_22' title='bbox 540 521 698 576; x_wconf 79' lang='lat' dir='ltr'>fuerit,</span> <span class='ocrx_word' id='word_1_23' title='bbox 732 520 833 566; x_wconf 91' lang='lat' dir='ltr'>aliis</span> <span class='ocrx_word' id='word_1_24' title='bbox 867 519 926 565; x_wconf 91' lang='lat' dir='ltr'>de</span> <span class='ocrx_word' id='word_1_25' title='bbox 962 519 1131 565; x_wconf 89' lang='lat' dir='ltr'>Causis</span> <span class='ocrx_word' id='word_1_26' title='bbox 1167 518 1385 564; x_wconf 80' lang='lat' dir='ltr'>futurum</span> <span class='ocrx_word' id='word_1_27' title='bbox 1420 521 1506 563; x_wconf 85' lang='lat' dir='ltr'>est.</span> <span class='ocrx_word' id='word_1_28' title='bbox 1583 515 1721 570; x_wconf 75' lang='lat' dir='ltr'><em>Quod</em></span> 
     </span>
     <span class='ocr_line' id='line_1_5' title="bbox 326 599 1720 666; baseline -0.006 -15"><span class='ocrx_word' id='word_1_29' title='bbox 326 605 523 651; x_wconf 74' lang='lat' dir='ltr'>inebriat</span> <span class='ocrx_word' id='word_1_30' title='bbox 548 603 880 666; x_wconf 73' lang='lat' dir='ltr'>prohibendum</span> <span class='ocrx_word' id='word_1_31' title='bbox 905 611 1005 656; x_wconf 79' lang='lat' dir='ltr'>est‚·</span> <span class='ocrx_word' id='word_1_32' title='bbox 1053 602 1098 647; x_wconf 89' lang='lat' dir='ltr'><em>V</em></span> <span class='ocrx_word' id='word_1_33' title='bbox 1095 601 1219 648; x_wconf 64' lang='lat' dir='ltr'>imam</span> <span class='ocrx_word' id='word_1_34' title='bbox 1244 600 1477 652; x_wconf 55' lang='lat' dir='ltr'>imbriam</span> <span class='ocrx_word' id='word_1_35' title='bbox 1521 599 1720 660; x_wconf 91' lang='lat' dir='ltr'>Nequa-</span> 
     </span>
     <span class='ocr_line' id='line_1_6' title="bbox 327 680 1719 749; baseline -0.006 -17"><span class='ocrx_word' id='word_1_36' title='bbox 327 702 474 749; x_wconf 85' lang='lat' dir='ltr'>quam</span> <span class='ocrx_word' id='word_1_37' title='bbox 507 701 638 740; x_wconf 81' lang='lat' dir='ltr'>vero,</span> <span class='ocrx_word' id='word_1_38' title='bbox 670 684 753 730; x_wconf 89' lang='lat' dir='ltr'>sed</span> <span class='ocrx_word' id='word_1_39' title='bbox 787 684 980 729; x_wconf 83' lang='lat' dir='ltr'>Abusus</span> <span class='ocrx_word' id='word_1_40' title='bbox 1013 682 1122 729; x_wconf 88' lang='lat' dir='ltr'>vini.</span> <span class='ocrx_word' id='word_1_41' title='bbox 1195 681 1320 728; x_wconf 85' lang='lat' dir='ltr'>Haec</span> <span class='ocrx_word' id='word_1_42' title='bbox 1355 680 1564 727; x_wconf 81' lang='lat' dir='ltr'>Fallacia</span> <span class='ocrx_word' id='word_1_43' title='bbox 1593 680 1719 725; x_wconf 89' lang='lat' dir='ltr'>bene</span> 
     </span>
     <span class='ocr_line' id='line_1_7' title="bbox 326 761 1723 827; baseline -0.006 -13"><span class='ocrx_word' id='word_1_44' title='bbox 326 768 528 815; x_wconf 86' lang='lat' dir='ltr'>solvitur</span> <span class='ocrx_word' id='word_1_45' title='bbox 570 766 794 827; x_wconf 83' lang='lat' dir='ltr'>negando</span> <span class='ocrx_word' id='word_1_46' title='bbox 838 766 1047 811; x_wconf 80' lang='lat' dir='ltr'>Causam</span> <span class='ocrx_word' id='word_1_47' title='bbox 1088 764 1292 809; x_wconf 88' lang='lat' dir='ltr'>falsam:</span> <span class='ocrx_word' id='word_1_48' title='bbox 1348 762 1536 817; x_wconf 85' lang='lat' dir='ltr'>melius,</span> <span class='ocrx_word' id='word_1_49' title='bbox 1572 761 1723 808; x_wconf 90' lang='lat' dir='ltr'>addu-</span> 
     </span>
     <span class='ocr_line' id='line_1_8' title="bbox 328 849 807 909; baseline -0.01 -13"><span class='ocrx_word' id='word_1_50' title='bbox 328 849 484 896; x_wconf 90' lang='lat' dir='ltr'>cendo</span> <span class='ocrx_word' id='word_1_51' title='bbox 510 862 807 909; x_wconf 80' lang='lat' dir='ltr'>germanam.</span> 
     </span>
    </p>

    <p class='ocr_par' dir='ltr' id='par_1_3' title="bbox 328 925 1729 1643">
     <span class='ocr_line' id='line_1_9' title="bbox 396 925 1719 988; baseline -0.005 -13"><span class='ocrx_word' id='word_1_52' title='bbox 396 936 426 955; x_wconf 85' lang='lat'><strong><em>“</em></strong></span> <span class='ocrx_word' id='word_1_53' title='bbox 449 930 560 975; x_wconf 89' lang='lat' dir='ltr'>Huc</span> <span class='ocrx_word' id='word_1_54' title='bbox 594 927 801 974; x_wconf 84' lang='lat' dir='ltr'>refertur</span> <span class='ocrx_word' id='word_1_55' title='bbox 834 927 893 972; x_wconf 86' lang='lat' dir='ltr'>ab</span> <span class='ocrx_word' id='word_1_56' title='bbox 927 925 1169 988; x_wconf 82' lang='lat' dir='ltr'>aliquibus</span> <span class='ocrx_word' id='word_1_57' title='bbox 1195 925 1315 986; x_wconf 81' lang='lat' dir='ltr'>(qua</span> <span class='ocrx_word' id='word_1_58' title='bbox 1347 925 1406 971; x_wconf 89' lang='lat' dir='ltr'>de</span> <span class='ocrx_word' id='word_1_59' title='bbox 1440 940 1585 971; x_wconf 84' lang='lat' dir='ltr'>causa</span> <span class='ocrx_word' id='word_1_60' title='bbox 1623 939 1719 970; x_wconf 88' lang='lat' dir='ltr'>non</span> 
     </span>
     <span class='ocr_line' id='line_1_10' title="bbox 328 1007 1725 1072; baseline -0.004 -14"><span class='ocrx_word' id='word_1_61' title='bbox 328 1019 357 1036; x_wconf 92' lang='lat'><strong>“</strong></span> <span class='ocrx_word' id='word_1_62' title='bbox 379 1011 541 1071; x_wconf 85' lang='lat' dir='ltr'>video)</span> <span class='ocrx_word' id='word_1_63' title='bbox 585 1011 680 1057; x_wconf 89' lang='lat' dir='ltr'>hoc</span> <span class='ocrx_word' id='word_1_64' title='bbox 726 1009 1017 1072; x_wconf 81' lang='lat' dir='ltr'>Sophisma3</span> <span class='ocrx_word' id='word_1_65' title='bbox 1085 1008 1177 1063; x_wconf 74' lang='lat' dir='ltr'>Qui</span> <span class='ocrx_word' id='word_1_66' title='bbox 1224 1008 1376 1070; x_wconf 77' lang='lat' dir='ltr'>magis</span> <span class='ocrx_word' id='word_1_67' title='bbox 1423 1008 1582 1062; x_wconf 76' lang='lat' dir='ltr'>esurit,</span> <span class='ocrx_word' id='word_1_68' title='bbox 1616 1007 1725 1069; x_wconf 76' lang='lat' dir='ltr'>plus</span> 
     </span>
     <span class='ocr_line' id='line_1_11' title="bbox 328 1089 1724 1152; baseline -0.004 -12"><span class='ocrx_word' id='word_1_69' title='bbox 328 1100 358 1118; x_wconf 87' lang='lat'><em>“</em></span> <span class='ocrx_word' id='word_1_70' title='bbox 379 1093 606 1146; x_wconf 77' lang='lat' dir='ltr'>comedit;</span> <span class='ocrx_word' id='word_1_71' title='bbox 647 1091 739 1146; x_wconf 70' lang='lat' dir='ltr'>Qui</span> <span class='ocrx_word' id='word_1_72' title='bbox 771 1091 917 1137; x_wconf 76' lang='lat' dir='ltr'>minus</span> <span class='ocrx_word' id='word_1_73' title='bbox 953 1090 1163 1142; x_wconf 77' lang='lat' dir='ltr'>comedit,</span> <span class='ocrx_word' id='word_1_74' title='bbox 1189 1090 1340 1152; x_wconf 74' lang='lat' dir='ltr'>magis</span> <span class='ocrx_word' id='word_1_75' title='bbox 1373 1090 1516 1136; x_wconf 77' lang='lat' dir='ltr'>esurit</span> <span class='ocrx_word' id='word_1_76' title='bbox 1532 1108 1550 1142; x_wconf 89' lang='lat'><em>;</em></span> <span class='ocrx_word' id='word_1_77' title='bbox 1593 1089 1724 1150; x_wconf 75' lang='lat' dir='ltr'>Ergo</span> 
     </span>
     <span class='ocr_line' id='line_1_12' title="bbox 331 1170 1726 1234; baseline -0.004 -13"><span class='ocrx_word' id='word_1_78' title='bbox 331 1180 360 1200; x_wconf 91' lang='lat'><strong><em>“</em></strong></span> <span class='ocrx_word' id='word_1_79' title='bbox 381 1174 473 1230; x_wconf 73' lang='lat' dir='ltr'>Qui</span> <span class='ocrx_word' id='word_1_80' title='bbox 507 1174 653 1220; x_wconf 76' lang='lat' dir='ltr'>minus</span> <span class='ocrx_word' id='word_1_81' title='bbox 688 1173 897 1228; x_wconf 76' lang='lat' dir='ltr'>comedit,</span> <span class='ocrx_word' id='word_1_82' title='bbox 932 1173 1039 1234; x_wconf 76' lang='lat' dir='ltr'>plus</span> <span class='ocrx_word' id='word_1_83' title='bbox 1075 1172 1280 1218; x_wconf 78' lang='lat' dir='ltr'>comedit.</span> <span class='ocrx_word' id='word_1_84' title='bbox 1366 1171 1460 1217; x_wconf 84' lang='lat' dir='ltr'>Sed</span> <span class='ocrx_word' id='word_1_85' title='bbox 1498 1171 1578 1233; x_wconf 89' lang='lat' dir='ltr'>qui</span> <span class='ocrx_word' id='word_1_86' title='bbox 1614 1170 1726 1226; x_wconf 89' lang='lat' dir='ltr'>hoc,</span> 
     </span>
     <span class='ocr_line' id='line_1_13' title="bbox 332 1254 1726 1319; baseline -0.004 -15"><span class='ocrx_word' id='word_1_87' title='bbox 332 1265 361 1283; x_wconf 92' lang='lat'><strong>“</strong></span> <span class='ocrx_word' id='word_1_88' title='bbox 380 1258 455 1304; x_wconf 92' lang='lat' dir='ltr'>vel</span> <span class='ocrx_word' id='word_1_89' title='bbox 497 1257 643 1319; x_wconf 86' lang='lat' dir='ltr'>hujus</span> <span class='ocrx_word' id='word_1_90' title='bbox 691 1256 842 1303; x_wconf 88' lang='lat' dir='ltr'>simile</span> <span class='ocrx_word' id='word_1_91' title='bbox 890 1255 1105 1302; x_wconf 81' lang='lat' dir='ltr'>attulerit</span> <span class='ocrx_word' id='word_1_92' title='bbox 1148 1257 1223 1316; x_wconf 79' lang='lat' dir='ltr'>(ut</span> <span class='ocrx_word' id='word_1_93' title='bbox 1272 1254 1527 1300; x_wconf 83' lang='lat' dir='ltr'>innumera</span> <span class='ocrx_word' id='word_1_94' title='bbox 1566 1254 1726 1300; x_wconf 85' lang='lat' dir='ltr'>afferri</span> 
     </span>
     <span class='ocr_line' id='line_1_14' title="bbox 332 1335 1728 1400; baseline -0.003 -15"><span class='ocrx_word' id='word_1_95' title='bbox 332 1345 361 1364; x_wconf 88' lang='lat'><strong>“</strong></span> <span class='ocrx_word' id='word_1_96' title='bbox 382 1339 563 1400; x_wconf 83' lang='lat' dir='ltr'>solent)</span> <span class='ocrx_word' id='word_1_97' title='bbox 613 1338 865 1384; x_wconf 87' lang='lat' dir='ltr'>docendus</span> <span class='ocrx_word' id='word_1_98' title='bbox 913 1343 985 1383; x_wconf 87' lang='lat' dir='ltr'>est</span> <span class='ocrx_word' id='word_1_99' title='bbox 1033 1353 1247 1398; x_wconf 84' lang='lat' dir='ltr'>congrue</span> <span class='ocrx_word' id='word_1_100' title='bbox 1294 1336 1462 1398; x_wconf 89' lang='lat' dir='ltr'>loqui:</span> <span class='ocrx_word' id='word_1_101' title='bbox 1530 1336 1641 1382; x_wconf 93' lang='lat' dir='ltr'>Hoc</span> <span class='ocrx_word' id='word_1_102' title='bbox 1690 1335 1728 1381; x_wconf 90' lang='lat' dir='ltr'>si</span> 
     </span>
     <span class='ocr_line' id='line_1_15' title="bbox 334 1417 1729 1480; baseline -0.003 -14"><span class='ocrx_word' id='word_1_103' title='bbox 334 1426 363 1445; x_wconf 89' lang='lat'><strong><em>“</em></strong></span> <span class='ocrx_word' id='word_1_104' title='bbox 383 1420 566 1475; x_wconf 86' lang='lat' dir='ltr'>fecerit,</span> <span class='ocrx_word' id='word_1_105' title='bbox 600 1419 728 1466; x_wconf 86' lang='lat' dir='ltr'>dicet</span> <span class='ocrx_word' id='word_1_106' title='bbox 758 1419 805 1465; x_wconf 91' lang='lat' dir='ltr'>in</span> <span class='ocrx_word' id='word_1_107' title='bbox 840 1418 934 1465; x_wconf 90' lang='lat' dir='ltr'>hoc</span> <span class='ocrx_word' id='word_1_108' title='bbox 970 1434 1102 1473; x_wconf 87' lang='lat' dir='ltr'>casu,</span> <span class='ocrx_word' id='word_1_109' title='bbox 1136 1418 1229 1472; x_wconf 73' lang='lat' dir='ltr'>Qui</span> <span class='ocrx_word' id='word_1_110' title='bbox 1260 1418 1410 1480; x_wconf 74' lang='lat' dir='ltr'>magis</span> <span class='ocrx_word' id='word_1_111' title='bbox 1443 1418 1585 1463; x_wconf 76' lang='lat' dir='ltr'>esurit</span> <span class='ocrx_word' id='word_1_112' title='bbox 1621 1417 1729 1479; x_wconf 89' lang='lat' dir='ltr'>plus</span> 
     </span>
     <span class='ocr_line' id='line_1_16' title="bbox 335 1500 1728 1562; baseline -0.002 -14"><span class='ocrx_word' id='word_1_113' title='bbox 335 1508 364 1528; x_wconf 90' lang='lat'><strong>“</strong></span> <span class='ocrx_word' id='word_1_114' title='bbox 384 1503 615 1555; x_wconf 56' lang='lat' dir='ltr'>commem</span> <span class='ocrx_word' id='word_1_115' title='bbox 658 1502 751 1556; x_wconf 67' lang='lat' dir='ltr'>Qui</span> <span class='ocrx_word' id='word_1_116' title='bbox 781 1501 927 1547; x_wconf 76' lang='lat' dir='ltr'>minus</span> <span class='ocrx_word' id='word_1_117' title='bbox 959 1500 1170 1555; x_wconf 58' lang='lat' dir='ltr'>eomedit,</span> <span class='ocrx_word' id='word_1_118' title='bbox 1196 1500 1347 1562; x_wconf 74' lang='lat' dir='ltr'>magis</span> <span class='ocrx_word' id='word_1_119' title='bbox 1376 1500 1517 1546; x_wconf 72' lang='lat' dir='ltr'>esurit</span> <span class='ocrx_word' id='word_1_120' title='bbox 1536 1518 1553 1553; x_wconf 89' lang='lat'><em>;</em></span> <span class='ocrx_word' id='word_1_121' title='bbox 1598 1500 1728 1560; x_wconf 77' lang='lat' dir='ltr'>Ergo</span> 
     </span>
     <span class='ocr_line' id='line_1_17' title="bbox 337 1581 1286 1643; baseline -0.002 -14"><span class='ocrx_word' id='word_1_122' title='bbox 337 1589 367 1608; x_wconf 91' lang='lat'><strong>“</strong></span> <span class='ocrx_word' id='word_1_123' title='bbox 388 1583 479 1638; x_wconf 77' lang='lat' dir='ltr'>Qui</span> <span class='ocrx_word' id='word_1_124' title='bbox 503 1583 649 1629; x_wconf 76' lang='lat' dir='ltr'>minus</span> <span class='ocrx_word' id='word_1_125' title='bbox 675 1582 885 1637; x_wconf 60' lang='lat' dir='ltr'>comedit,</span> <span class='ocrx_word' id='word_1_126' title='bbox 909 1581 1018 1643; x_wconf 89' lang='lat' dir='ltr'>plus</span> <span class='ocrx_word' id='word_1_127' title='bbox 1043 1583 1286 1628; x_wconf 49' lang='lat' dir='ltr'>comedet?</span> 
     </span>
    </p>
   </div>
   <div class='ocr_carea' id='block_1_3' title="bbox 129 1661 1731 1792">
    <p class='ocr_par' dir='ltr' id='par_1_4' title="bbox 129 1661 1731 1792">
     <span class='ocr_line' id='line_1_18' title="bbox 129 1661 1731 1750; baseline -0.002 -40"><span class='ocrx_word' id='word_1_128' title='bbox 129 1677 261 1750; x_wconf 45' lang='lat' dir='ltr'>{iffa</span> <span class='ocrx_word' id='word_1_129' title='bbox 408 1663 451 1710; x_wconf 88' lang='lat'>5.</span> <span class='ocrx_word' id='word_1_130' title='bbox 490 1663 700 1709; x_wconf 83' lang='lat' dir='ltr'>Fallacia</span> <span class='ocrx_word' id='word_1_131' title='bbox 730 1663 1101 1724; x_wconf 48' lang='lat' dir='ltr'>Consequentisffi</span> <span class='ocrx_word' id='word_1_132' title='bbox 1135 1662 1332 1724; x_wconf 89' lang='lat' dir='ltr'>quando</span> <span class='ocrx_word' id='word_1_133' title='bbox 1364 1661 1568 1707; x_wconf 81' lang='lat' dir='ltr'>infertur</span> <span class='ocrx_word' id='word_1_134' title='bbox 1599 1661 1731 1723; x_wconf 91' lang='lat' dir='ltr'>quod</span> 
     </span>
     <span class='ocr_line' id='line_1_19' title="bbox 130 1761 311 1792; baseline -0.017 0"><span class='ocrx_word' id='word_1_135' title='bbox 130 1761 311 1792; x_wconf 71' lang='lat' dir='ltr'>5.8.2s.1.</span> 
     </span>
    </p>
   </div>
   <div class='ocr_carea' id='block_1_4' title="bbox 326 1856 1742 2792">
    <p class='ocr_par' dir='ltr' id='par_1_5' title="bbox 341 1856 1741 2150">
     <span class='ocr_line' id='line_1_20' title="bbox 341 1856 1732 1905; baseline -0.001 -10"><span class='ocrx_word' id='word_1_136' title='bbox 341 1858 467 1895; x_wconf 87' lang='lat' dir='ltr'>wards</span> <span class='ocrx_word' id='word_1_137' title='bbox 496 1857 671 1894; x_wconf 75' lang='lat' dir='ltr'>selected</span> <span class='ocrx_word' id='word_1_138' title='bbox 699 1870 741 1894; x_wconf 87' lang='lat' dir='ltr'>as</span> <span class='ocrx_word' id='word_1_139' title='bbox 769 1858 837 1894; x_wconf 79' lang='lat' dir='ltr'>the</span> <span class='ocrx_word' id='word_1_140' title='bbox 866 1858 964 1894; x_wconf 81' lang='lat' dir='ltr'>false</span> <span class='ocrx_word' id='word_1_141' title='bbox 988 1857 1254 1905; x_wconf 69' lang='lat' dir='ltr'>assumption.</span> <span class='ocrx_word' id='word_1_142' title='bbox 1310 1856 1508 1893; x_wconf 75' lang='lat' dir='ltr'>Aldrich&#39;s</span> <span class='ocrx_word' id='word_1_143' title='bbox 1530 1856 1732 1904; x_wconf 79' lang='lat' dir='ltr'>examples</span> 
     </span>
     <span class='ocr_line' id='line_1_21' title="bbox 341 1919 1741 1959; baseline -0.002 -1"><span class='ocrx_word' id='word_1_144' title='bbox 341 1922 444 1959; x_wconf 90' lang='lat' dir='ltr'>refer</span> <span class='ocrx_word' id='word_1_145' title='bbox 463 1922 598 1958; x_wconf 78' lang='lat' dir='ltr'>rather</span> <span class='ocrx_word' id='word_1_146' title='bbox 626 1927 664 1958; x_wconf 92' lang='lat' dir='ltr'>to</span> <span class='ocrx_word' id='word_1_147' title='bbox 693 1922 760 1958; x_wconf 89' lang='lat' dir='ltr'>the</span> <span class='ocrx_word' id='word_1_148' title='bbox 788 1921 1002 1958; x_wconf 81' lang='lat' dir='ltr'>rhetorical</span> <span class='ocrx_word' id='word_1_149' title='bbox 1031 1921 1128 1957; x_wconf 86' lang='lat' dir='ltr'>than</span> <span class='ocrx_word' id='word_1_150' title='bbox 1157 1926 1197 1956; x_wconf 87' lang='lat' dir='ltr'>to</span> <span class='ocrx_word' id='word_1_151' title='bbox 1226 1921 1293 1956; x_wconf 87' lang='lat' dir='ltr'>the</span> <span class='ocrx_word' id='word_1_152' title='bbox 1322 1920 1544 1956; x_wconf 82' lang='lat' dir='ltr'>dialectical</span> <span class='ocrx_word' id='word_1_153' title='bbox 1574 1919 1673 1956; x_wconf 87' lang='lat' dir='ltr'>form</span> <span class='ocrx_word' id='word_1_154' title='bbox 1696 1919 1741 1956; x_wconf 91' lang='lat' dir='ltr'>of</span> 
     </span>
     <span class='ocr_line' id='line_1_22' title="bbox 342 1983 1734 2034; baseline -0.002 -12"><span class='ocrx_word' id='word_1_155' title='bbox 342 1986 422 2022; x_wconf 86' lang='lat' dir='ltr'>this</span> <span class='ocrx_word' id='word_1_156' title='bbox 451 1985 604 2034; x_wconf 83' lang='lat' dir='ltr'>fallacy.</span> <span class='ocrx_word' id='word_1_157' title='bbox 662 1985 712 2021; x_wconf 89' lang='lat' dir='ltr'>In</span> <span class='ocrx_word' id='word_1_158' title='bbox 740 1985 820 2021; x_wconf 88' lang='lat' dir='ltr'>this</span> <span class='ocrx_word' id='word_1_159' title='bbox 851 1985 918 2020; x_wconf 90' lang='lat' dir='ltr'>the</span> <span class='ocrx_word' id='word_1_160' title='bbox 947 1984 1115 2032; x_wconf 80' lang='lat' dir='ltr'>speaker</span> <span class='ocrx_word' id='word_1_161' title='bbox 1143 1984 1176 2020; x_wconf 81' lang='lat' dir='ltr'>is</span> <span class='ocrx_word' id='word_1_162' title='bbox 1205 1984 1331 2032; x_wconf 84' lang='lat' dir='ltr'>guilty</span> <span class='ocrx_word' id='word_1_163' title='bbox 1353 1984 1502 2032; x_wconf 83' lang='lat' dir='ltr'>merely</span> <span class='ocrx_word' id='word_1_164' title='bbox 1523 1983 1567 2020; x_wconf 88' lang='lat' dir='ltr'>of</span> <span class='ocrx_word' id='word_1_165' title='bbox 1590 1996 1612 2020; x_wconf 84' lang='lat' dir='ltr'>a</span> <span class='ocrx_word' id='word_1_166' title='bbox 1638 1983 1734 2019; x_wconf 85' lang='lat' dir='ltr'>false</span> 
     </span>
     <span class='ocr_line' id='line_1_23' title="bbox 343 2046 1737 2097; baseline -0.002 -11"><span class='ocrx_word' id='word_1_167' title='bbox 343 2050 553 2091; x_wconf 61' lang='lat' dir='ltr'>ass-arnon,</span> <span class='ocrx_word' id='word_1_168' title='bbox 576 2049 814 2097; x_wconf 80' lang='lat' dir='ltr'>attributing</span> <span class='ocrx_word' id='word_1_169' title='bbox 841 2061 863 2085; x_wconf 81' lang='lat' dir='ltr'>a</span> <span class='ocrx_word' id='word_1_170' title='bbox 890 2048 1039 2084; x_wconf 85' lang='lat' dir='ltr'>certain</span> <span class='ocrx_word' id='word_1_171' title='bbox 1071 2047 1187 2084; x_wconf 86' lang='lat' dir='ltr'>effect</span> <span class='ocrx_word' id='word_1_172' title='bbox 1208 2053 1246 2084; x_wconf 92' lang='lat' dir='ltr'>to</span> <span class='ocrx_word' id='word_1_173' title='bbox 1268 2060 1290 2084; x_wconf 82' lang='lat' dir='ltr'>a</span> <span class='ocrx_word' id='word_1_174' title='bbox 1310 2059 1446 2096; x_wconf 83' lang='lat' dir='ltr'>wrong</span> <span class='ocrx_word' id='word_1_175' title='bbox 1473 2059 1602 2084; x_wconf 82' lang='lat' dir='ltr'>cause.</span> <span class='ocrx_word' id='word_1_176' title='bbox 1661 2046 1737 2083; x_wconf 86' lang='lat' dir='ltr'>See</span> 
     </span>
     <span class='ocr_line' id='line_1_24' title="bbox 344 2114 665 2150; baseline -0.003 -1"><span class='ocrx_word' id='word_1_177' title='bbox 344 2114 462 2150; x_wconf 85' lang='lat' dir='ltr'>Rhet.</span> <span class='ocrx_word' id='word_1_178' title='bbox 485 2114 524 2149; x_wconf 88' lang='lat' dir='ltr'>ii.</span> <span class='ocrx_word' id='word_1_179' title='bbox 547 2115 608 2149; x_wconf 75' lang='lat'>24.</span> <span class='ocrx_word' id='word_1_180' title='bbox 632 2115 665 2148; x_wconf 77' lang='lat'>8.</span> 
     </span>
    </p>

    <p class='ocr_par' dir='ltr' id='par_1_6' title="bbox 326 2174 1742 2602">
     <span class='ocr_line' id='line_1_25' title="bbox 398 2174 1739 2223; baseline -0.002 -10"><span class='ocrx_word' id='word_1_181' title='bbox 398 2185 412 2198; x_wconf 86' lang='lat'>¹¹</span> <span class='ocrx_word' id='word_1_182' title='bbox 442 2177 491 2213; x_wconf 90' lang='lat' dir='ltr'>In</span> <span class='ocrx_word' id='word_1_183' title='bbox 521 2177 588 2213; x_wconf 88' lang='lat' dir='ltr'>the</span> <span class='ocrx_word' id='word_1_184' title='bbox 615 2190 689 2213; x_wconf 69' lang='lat' dir='ltr'>non</span> <span class='ocrx_word' id='word_1_185' title='bbox 709 2189 794 2213; x_wconf 75' lang='lat' dir='ltr'>vera</span> <span class='ocrx_word' id='word_1_186' title='bbox 812 2189 881 2223; x_wconf 75' lang='lat' dir='ltr'>pro</span> <span class='ocrx_word' id='word_1_187' title='bbox 902 2189 998 2218; x_wconf 76' lang='lat' dir='ltr'>vera,</span> <span class='ocrx_word' id='word_1_188' title='bbox 1021 2176 1133 2211; x_wconf 87' lang='lat' dir='ltr'>there</span> <span class='ocrx_word' id='word_1_189' title='bbox 1161 2176 1195 2211; x_wconf 81' lang='lat' dir='ltr'>is</span> <span class='ocrx_word' id='word_1_190' title='bbox 1223 2187 1275 2211; x_wconf 91' lang='lat' dir='ltr'>no</span> <span class='ocrx_word' id='word_1_191' title='bbox 1304 2175 1530 2211; x_wconf 81' lang='lat' dir='ltr'>connexion</span> <span class='ocrx_word' id='word_1_192' title='bbox 1559 2174 1739 2210; x_wconf 86' lang='lat' dir='ltr'>between</span> 
     </span>
     <span class='ocr_line' id='line_1_26' title="bbox 347 2238 1740 2286; baseline -0.001 -10"><span class='ocrx_word' id='word_1_193' title='bbox 347 2241 413 2276; x_wconf 89' lang='lat' dir='ltr'>the</span> <span class='ocrx_word' id='word_1_194' title='bbox 442 2239 559 2276; x_wconf 85' lang='lat' dir='ltr'>effect</span> <span class='ocrx_word' id='word_1_195' title='bbox 587 2239 665 2275; x_wconf 85' lang='lat' dir='ltr'>and</span> <span class='ocrx_word' id='word_1_196' title='bbox 695 2240 763 2275; x_wconf 86' lang='lat' dir='ltr'>the</span> <span class='ocrx_word' id='word_1_197' title='bbox 794 2239 997 2286; x_wconf 84' lang='lat' dir='ltr'>supposed</span> <span class='ocrx_word' id='word_1_198' title='bbox 1028 2250 1168 2280; x_wconf 77' lang='lat' dir='ltr'>cause;</span> <span class='ocrx_word' id='word_1_199' title='bbox 1201 2239 1240 2273; x_wconf 86' lang='lat' dir='ltr'>in</span> <span class='ocrx_word' id='word_1_200' title='bbox 1270 2238 1337 2274; x_wconf 91' lang='lat' dir='ltr'>the</span> <span class='ocrx_word' id='word_1_201' title='bbox 1365 2251 1441 2274; x_wconf 65' lang='lat' dir='ltr'>ozon</span> <span class='ocrx_word' id='word_1_202' title='bbox 1469 2239 1538 2274; x_wconf 67' lang='lat' dir='ltr'>tali</span> <span class='ocrx_word' id='word_1_203' title='bbox 1560 2251 1631 2285; x_wconf 73' lang='lat' dir='ltr'>pro</span> <span class='ocrx_word' id='word_1_204' title='bbox 1659 2239 1740 2281; x_wconf 71' lang='lat' dir='ltr'>tali,</span> 
     </span>
     <span class='ocr_line' id='line_1_27' title="bbox 347 2299 1740 2348; baseline -0.001 -11"><span class='ocrx_word' id='word_1_205' title='bbox 347 2303 459 2338; x_wconf 81' lang='lat' dir='ltr'>there</span> <span class='ocrx_word' id='word_1_206' title='bbox 481 2302 514 2337; x_wconf 88' lang='lat' dir='ltr'>is</span> <span class='ocrx_word' id='word_1_207' title='bbox 536 2313 558 2337; x_wconf 84' lang='lat' dir='ltr'>a</span> <span class='ocrx_word' id='word_1_208' title='bbox 579 2301 815 2341; x_wconf 82' lang='lat' dir='ltr'>connexion,</span> <span class='ocrx_word' id='word_1_209' title='bbox 838 2301 911 2336; x_wconf 88' lang='lat' dir='ltr'>but</span> <span class='ocrx_word' id='word_1_210' title='bbox 930 2313 979 2336; x_wconf 79' lang='lat' dir='ltr'>an</span> <span class='ocrx_word' id='word_1_211' title='bbox 1003 2299 1248 2336; x_wconf 86' lang='lat' dir='ltr'>insufficient</span> <span class='ocrx_word' id='word_1_212' title='bbox 1267 2311 1366 2342; x_wconf 89' lang='lat' dir='ltr'>one;</span> <span class='ocrx_word' id='word_1_213' title='bbox 1398 2300 1511 2341; x_wconf 90' lang='lat' dir='ltr'>wine,</span> <span class='ocrx_word' id='word_1_214' title='bbox 1534 2312 1567 2336; x_wconf 89' lang='lat' dir='ltr'>e.</span> <span class='ocrx_word' id='word_1_215' title='bbox 1586 2311 1620 2348; x_wconf 80' lang='lat' dir='ltr'>g.</span> <span class='ocrx_word' id='word_1_216' title='bbox 1644 2299 1740 2336; x_wconf 86' lang='lat' dir='ltr'>does</span> 
     </span>
     <span class='ocr_line' id='line_1_28' title="bbox 348 2362 1740 2410; baseline -0.001 -10"><span class='ocrx_word' id='word_1_217' title='bbox 348 2369 420 2400; x_wconf 88' lang='lat' dir='ltr'>not</span> <span class='ocrx_word' id='word_1_218' title='bbox 454 2364 666 2399; x_wconf 75' lang='lat' dir='ltr'>intoxicate</span> <span class='ocrx_word' id='word_1_219' title='bbox 702 2368 842 2410; x_wconf 79' lang='lat' dir='ltr'>except</span> <span class='ocrx_word' id='word_1_220' title='bbox 875 2363 915 2398; x_wconf 90' lang='lat' dir='ltr'>in</span> <span class='ocrx_word' id='word_1_221' title='bbox 952 2363 1100 2398; x_wconf 74' lang='lat' dir='ltr'>certain</span> <span class='ocrx_word' id='word_1_222' title='bbox 1137 2362 1332 2410; x_wconf 77' lang='lat' dir='ltr'>quantity.</span> <span class='ocrx_word' id='word_1_223' title='bbox 1405 2362 1505 2398; x_wconf 82' lang='lat' dir='ltr'>This</span> <span class='ocrx_word' id='word_1_224' title='bbox 1544 2363 1740 2404; x_wconf 81' lang='lat' dir='ltr'>instance,</span> 
     </span>
     <span class='ocr_line' id='line_1_29' title="bbox 349 2425 1742 2474; baseline -0.002 -10"><span class='ocrx_word' id='word_1_225' title='bbox 349 2429 541 2470; x_wconf 83' lang='lat' dir='ltr'>however,</span> <span class='ocrx_word' id='word_1_226' title='bbox 560 2439 670 2463; x_wconf 86' lang='lat' dir='ltr'>more</span> <span class='ocrx_word' id='word_1_227' title='bbox 690 2426 875 2474; x_wconf 86' lang='lat' dir='ltr'>properly</span> <span class='ocrx_word' id='word_1_228' title='bbox 892 2426 1060 2474; x_wconf 79' lang='lat' dir='ltr'>belongs</span> <span class='ocrx_word' id='word_1_229' title='bbox 1083 2430 1122 2461; x_wconf 87' lang='lat' dir='ltr'>to</span> <span class='ocrx_word' id='word_1_230' title='bbox 1144 2426 1210 2462; x_wconf 91' lang='lat' dir='ltr'>the</span> <span class='ocrx_word' id='word_1_231' title='bbox 1232 2425 1371 2474; x_wconf 75' lang='lat' dir='ltr'>fallacy</span> <span class='ocrx_word' id='word_1_232' title='bbox 1389 2439 1413 2461; x_wconf 74' lang='lat' dir='ltr'>a</span> <span class='ocrx_word' id='word_1_233' title='bbox 1433 2426 1529 2461; x_wconf 73' lang='lat' dir='ltr'>dicto</span> <span class='ocrx_word' id='word_1_234' title='bbox 1545 2427 1742 2462; x_wconf 77' lang='lat' dir='ltr'>secundum</span> 
     </span>
     <span class='ocr_line' id='line_1_30' title="bbox 326 2489 1740 2540; baseline -0.002 -12"><span class='ocrx_word' id='word_1_235' title='bbox 326 2493 437 2540; x_wconf 55' lang='lat' dir='ltr'>⁹quid</span> <span class='ocrx_word' id='word_1_236' title='bbox 467 2492 516 2527; x_wconf 77' lang='lat' dir='ltr'>ad</span> <span class='ocrx_word' id='word_1_237' title='bbox 550 2492 685 2527; x_wconf 72' lang='lat' dir='ltr'>dictum</span> <span class='ocrx_word' id='word_1_238' title='bbox 717 2491 941 2537; x_wconf 73' lang='lat' dir='ltr'>simpliciter.</span> <span class='ocrx_word' id='word_1_239' title='bbox 1015 2490 1172 2526; x_wconf 58' lang='lat' dir='ltr'>“XVine</span> <span class='ocrx_word' id='word_1_240' title='bbox 1204 2490 1263 2534; x_wconf 89' lang='lat' dir='ltr'>(in</span> <span class='ocrx_word' id='word_1_241' title='bbox 1295 2491 1448 2535; x_wconf 84' lang='lat' dir='ltr'>excess)</span> <span class='ocrx_word' id='word_1_242' title='bbox 1481 2489 1740 2531; x_wconf 77' lang='lat' dir='ltr'>intoxieates;</span> 
     </span>
     <span class='ocr_line' id='line_1_31' title="bbox 352 2553 1443 2602; baseline -0.002 -10"><span class='ocrx_word' id='word_1_243' title='bbox 352 2555 561 2597; x_wconf 84' lang='lat' dir='ltr'>therefore,</span> <span class='ocrx_word' id='word_1_244' title='bbox 585 2555 703 2591; x_wconf 84' lang='lat' dir='ltr'>Winc</span> <span class='ocrx_word' id='word_1_245' title='bbox 726 2554 986 2602; x_wconf 78' lang='lat' dir='ltr'>(absolutely)</span> <span class='ocrx_word' id='word_1_246' title='bbox 1009 2554 1042 2590; x_wconf 90' lang='lat' dir='ltr'>is</span> <span class='ocrx_word' id='word_1_247' title='bbox 1064 2560 1104 2590; x_wconf 89' lang='lat' dir='ltr'>to</span> <span class='ocrx_word' id='word_1_248' title='bbox 1126 2554 1174 2590; x_wconf 87' lang='lat' dir='ltr'>be</span> <span class='ocrx_word' id='word_1_249' title='bbox 1196 2553 1443 2590; x_wconf 84' lang='lat' dir='ltr'>forbidden.”</span> 
     </span>
    </p>

    <p class='ocr_par' dir='ltr' id='par_1_7' title="bbox 353 2618 1741 2792">
     <span class='ocr_line' id='line_1_32' title="bbox 406 2618 1741 2666; baseline -0.001 -13"><span class='ocrx_word' id='word_1_250' title='bbox 406 2627 422 2643; x_wconf 88' lang='lat'>0</span> <span class='ocrx_word' id='word_1_251' title='bbox 451 2620 538 2655; x_wconf 74' lang='lat' dir='ltr'>&#39;l&#39;he</span> <span class='ocrx_word' id='word_1_252' title='bbox 555 2620 723 2666; x_wconf 69' lang='lat' dir='ltr'>fallacia</span> <span class='ocrx_word' id='word_1_253' title='bbox 743 2619 988 2665; x_wconf 69' lang='lat' dir='ltr'>consequentis</span> <span class='ocrx_word' id='word_1_254' title='bbox 1009 2619 1042 2653; x_wconf 79' lang='lat' dir='ltr'>is</span> <span class='ocrx_word' id='word_1_255' title='bbox 1064 2630 1111 2654; x_wconf 78' lang='lat' dir='ltr'>an</span> <span class='ocrx_word' id='word_1_256' title='bbox 1135 2630 1243 2654; x_wconf 87' lang='lat' dir='ltr'>error</span> <span class='ocrx_word' id='word_1_257' title='bbox 1270 2618 1309 2653; x_wconf 92' lang='lat' dir='ltr'>in</span> <span class='ocrx_word' id='word_1_258' title='bbox 1339 2618 1566 2665; x_wconf 73' lang='lat' dir='ltr'>reasouing.</span> <span class='ocrx_word' id='word_1_259' title='bbox 1589 2628 1630 2652; x_wconf 82' lang='lat' dir='ltr'>as</span> <span class='ocrx_word' id='word_1_260' title='bbox 1652 2629 1741 2664; x_wconf 84' lang='lat' dir='ltr'>may</span> 
     </span>
     <span class='ocr_line' id='line_1_33' title="bbox 353 2678 1739 2729; baseline -0.002 -12"><span class='ocrx_word' id='word_1_261' title='bbox 353 2683 400 2717; x_wconf 81' lang='lat' dir='ltr'>be</span> <span class='ocrx_word' id='word_1_262' title='bbox 423 2681 565 2729; x_wconf 79' lang='lat' dir='ltr'>clearly</span> <span class='ocrx_word' id='word_1_263' title='bbox 589 2693 683 2717; x_wconf 80' lang='lat' dir='ltr'>seen</span> <span class='ocrx_word' id='word_1_264' title='bbox 707 2682 746 2716; x_wconf 85' lang='lat' dir='ltr'>in</span> <span class='ocrx_word' id='word_1_265' title='bbox 769 2681 835 2716; x_wconf 84' lang='lat' dir='ltr'>the</span> <span class='ocrx_word' id='word_1_266' title='bbox 858 2681 1060 2728; x_wconf 76' lang='lat' dir='ltr'>exainples</span> <span class='ocrx_word' id='word_1_267' title='bbox 1082 2681 1196 2729; x_wconf 81' lang='lat' dir='ltr'>given</span> <span class='ocrx_word' id='word_1_268' title='bbox 1220 2680 1343 2728; x_wconf 78' lang='lat' dir='ltr'>Soph.</span> <span class='ocrx_word' id='word_1_269' title='bbox 1366 2680 1535 2716; x_wconf 83' lang='lat' dir='ltr'>Elcnch.</span> <span class='ocrx_word' id='word_1_270' title='bbox 1554 2683 1588 2715; x_wconf 76' lang='lat'>5.</span> <span class='ocrx_word' id='word_1_271' title='bbox 1606 2681 1640 2715; x_wconf 79' lang='lat'>8.</span> <span class='ocrx_word' id='word_1_272' title='bbox 1662 2678 1739 2714; x_wconf 87' lang='lat' dir='ltr'>and</span> 
     </span>
     <span class='ocr_line' id='line_1_34' title="bbox 354 2742 1740 2792; baseline -0.003 -11"><span class='ocrx_word' id='word_1_273' title='bbox 354 2746 469 2781; x_wconf 60' lang='lat' dir='ltr'>lumi„</span> <span class='ocrx_word' id='word_1_274' title='bbox 494 2746 531 2781; x_wconf 93' lang='lat' dir='ltr'>ii.</span> <span class='ocrx_word' id='word_1_275' title='bbox 555 2748 615 2780; x_wconf 68' lang='lat'>24.</span> <span class='ocrx_word' id='word_1_276' title='bbox 639 2748 674 2780; x_wconf 82' lang='lat'>7.</span> <span class='ocrx_word' id='word_1_277' title='bbox 705 2757 736 2780; x_wconf 83' lang='lat' dir='ltr'>e.</span> <span class='ocrx_word' id='word_1_278' title='bbox 759 2756 793 2792; x_wconf 73' lang='lat' dir='ltr'>g.</span> <span class='ocrx_word' id='word_1_279' title='bbox 827 2745 971 2792; x_wconf 79' lang='lat' dir='ltr'>lloney</span> <span class='ocrx_word' id='word_1_280' title='bbox 995 2745 1026 2780; x_wconf 84' lang='lat' dir='ltr'>is</span> <span class='ocrx_word' id='word_1_281' title='bbox 1054 2745 1216 2792; x_wconf 76' lang='lat' dir='ltr'>yellow:</span> <span class='ocrx_word' id='word_1_282' title='bbox 1250 2744 1341 2780; x_wconf 82' lang='lat' dir='ltr'>Gall</span> <span class='ocrx_word' id='word_1_283' title='bbox 1368 2744 1399 2779; x_wconf 87' lang='lat' dir='ltr'>is</span> <span class='ocrx_word' id='word_1_284' title='bbox 1422 2744 1583 2791; x_wconf 77' lang='lat' dir='ltr'>yellow:</span> <span class='ocrx_word' id='word_1_285' title='bbox 1616 2742 1740 2778; x_wconf 87' lang='lat' dir='ltr'>there-</span> 
     </span>
    </p>
   </div>
  </div>
 </body>
</html>
