1868 3117
677 206 980 238 RUDIMENTA.
1463 192 1525 238 63

208 321 398 367 Ceterae
421 320 808 378 Conversionesf‚
828 338 939 369 cum
959 322 1055 369 sint
1074 321 1247 385 partim
1269 320 1526 382 ambiguae,

138 402 315 463 partim
350 402 501 458 falsae,
529 403 703 466 partim
742 404 802 450 ad
838 409 1086 466 praecepta
1122 403 1525 466 Syllogismorum

138 483 349 540 inutiles,
372 485 421 531 in
448 485 630 547 Logica
655 486 1005 549 negligunturg.

141 664 319 712 Virgilius
351 671 401 701 est
434 665 578 707 Poeta;
615 677 708 714 ergo
742 666 890 713 Aliquis
923 665 1043 702 Poeta
1075 671 1126 700 est
1162 664 1351 711 Virsjz’lz'us.
1409 663 1525 705 Item,

140 727 317 775 Virgilius
339 741 415 764 non
440 736 490 765 est
519 728 692 771 Groecus;
723 741 816 778 ergo
844 730 983 766 Nullus
1012 728 1227 766 Grcecorum
1254 734 1304 764 est
1336 728 1525 775 Virfjilius.

136 790 266 838 Atque
286 791 329 827 in
350 792 437 828 aliis
459 793 654 829 similiter.

192 860 213 874 ‘⁶
232 854 275 891 Si
296 859 429 891 autem
452 855 710 893 Convertemloe
729 856 1017 904 propositionis
1037 855 1291 892 Po-aedicatmn
1315 853 1368 890 sit
1386 854 1524 890 Indiui-

136 918 261 961 duu'm,
277 918 561 967 (quodcunque
574 920 760 957 habuerit
773 920 1041 969 Subjectum‚)
1057 920 1306 957 Coum-tentis
1319 918 1526 965 Subjecmm

135 980 298 1029 (quippe
320 982 427 1029 quod
447 982 575 1020 fuerat
595 983 855 1021 Convertendoe
874 981 1142 1029 Proeclimtum)
1160 982 1403 1019 Indivicluum
1427 981 1522 1023 erit;

136 1049 347 1093 propterea
374 1050 413 1082 et
440 1046 666 1094 Propositio
688 1046 907 1083 Convertens
937 1046 1072 1096 (siqua
1100 1045 1170 1093 sit)
1199 1044 1425 1081 necessario
1450 1045 1526 1080 erit

135 1107 361 1156 SinyuZaris,
383 1109 562 1157 adeoque
589 1110 845 1146 Universalis.'⁷
902 1109 978 1146 See
1006 1110 1089 1146 also
1116 1108 1251 1145 Reid's
1275 1107 1433 1150 Works,
1463 1107 1523 1144 ed.

137 1171 361 1215 Hamilton,
384 1185 421 1221 p.
445 1175 533 1211 697.

189 1234 203 1258 f
230 1234 375 1272 Ooeceroe
403 1238 659 1272 conversiones.
716 1236 796 1272 For
824 1235 892 1271 the
922 1234 1073 1271 benefit
1101 1234 1145 1270 of
1169 1235 1236 1271 the
1267 1235 1439 1275 carious,
1469 1246 1543 1270 we-

136 1303 256 1346 quote
277 1299 345 1335 the
365 1298 589 1347 following:
623 1305 644 1318 “
662 1300 761 1335 Tres
782 1298 904 1346 igitur
924 1302 1020 1334 sunt
1038 1297 1203 1334 famosae
1225 1297 1331 1345 apud
1352 1297 1523 1346 Logicos

136 1361 408 1397 conversionis
439 1361 606 1409 species.
664 1361 767 1397 Dico
797 1360 972 1403 famosae,
1004 1361 1195 1408 quoniam
1224 1361 1414 1397 nonnulli
1443 1372 1523 1397 mo-

135 1424 249 1461 derni
270 1425 510 1461 invenerunt
531 1425 629 1461 duas
651 1425 748 1461 alias
770 1424 1041 1461 conversionis
1067 1424 1232 1472 species,
1254 1436 1421 1472 quarum
1443 1436 1525 1460 una

134 1493 196 1525 est
215 1489 420 1525 conversio
441 1489 763 1537 propositionum
792 1488 945 1524 nullius
973 1488 1219 1536 quantitatis,
1241 1491 1287 1523 ut
1313 1487 1523 1524 exclusivae

133 1556 174 1588 et
210 1552 520 1600 reduplicativae.
578 1552 682 1588 Nam
722 1552 778 1588 sic
817 1552 1061 1588 convertitur
1098 1551 1319 1593 exclusiva;
1365 1555 1524 1587 tantum

133 1616 255 1652 homo
276 1621 338 1652 est
363 1616 583 1659 rationalis,
605 1628 725 1652 omne
752 1615 946 1652 rationale
974 1620 1035 1652 est
1061 1615 1205 1651 homo:
1237 1614 1525 1662 reduplicativa

132 1683 266 1715 autem
289 1679 344 1716 sic
365 1679 628 1716 convertitur:
661 1680 783 1715 homo
804 1679 845 1715 in
868 1682 1063 1726 quantum
1084 1678 1206 1714 homo
1224 1682 1286 1714 est
1301 1677 1522 1719 rationalis,

132 1743 326 1779 rationale
348 1748 409 1780 est
434 1743 556 1779 homo
582 1743 623 1779 in
652 1747 847 1791 quantum
875 1742 1011 1778 homo.
1067 1741 1171 1778 Item
1199 1740 1522 1789 propositionum

133 1806 366 1849 modalium,
387 1811 433 1842 ut
460 1806 668 1843 hominem
699 1818 787 1842 esse
817 1805 954 1842 album
984 1809 1046 1842 est
1073 1804 1278 1852 possibile,
1309 1816 1402 1853 ergo
1433 1816 1521 1852 pos-

133 1868 249 1905 sibile
284 1874 346 1905 est
373 1869 580 1906 hominem
615 1881 704 1906 esse
738 1869 886 1905 album.
943 1869 1048 1905 Item
1083 1869 1151 1905 alii
1184 1868 1392 1917 imaginati
1427 1871 1523 1904 sunt

133 1931 233 1968 duas
268 1932 365 1969 alias
397 1933 564 1980 species.
620 1932 756 1969 Prima
788 1938 849 1969 est
880 1932 1040 1980 quando
1074 1936 1254 1968 mutatur
1282 1932 1453 1979 qualitas
1483 1935 1523 1967 et

131 2007 213 2031 non
234 1996 448 2043 quantitas,
470 2001 515 2033 ut
532 1996 620 2038 hic;
651 1996 784 2032 omnis
805 1997 926 2032 homo
955 2000 1017 2032 est
1043 1996 1204 2038 animal,
1227 2007 1347 2031 omne
1371 1995 1522 2031 animal

130 2070 213 2095 non
243 2064 305 2096 est
331 2059 465 2096 homo.
524 2059 710 2096 Secunda
743 2064 804 2096 est
837 2059 998 2107 quando
1033 2063 1212 2095 mutatur
1245 2059 1447 2105 quantitas
1482 2063 1522 2095 et

132 2123 314 2170 qualitas,
336 2128 381 2160 ut
399 2124 486 2166 hic;
518 2124 650 2168 omnis
670 2124 792 2160 homo
813 2128 873 2160 est
901 2123 1062 2165 animal,
1085 2122 1246 2170 aliquod
1268 2122 1416 2158 animal
1437 2133 1521 2158 non

131 2191 193 2224 est
210 2187 346 2224 homo.
401 2187 551 2223 Verum
573 2188 666 2235 quia
691 2186 926 2236 hujusmodi
953 2186 1234 2222 conversiones
1258 2197 1341 2221 non
1363 2190 1458 2221 sunt
1478 2185 1520 2222 in

129 2262 218 2294 usu,
239 2263 313 2288 nec
333 2250 452 2287 nobis
472 2251 703 2288 deserviunt
721 2263 793 2298 pro
813 2250 1048 2287 reductione
1069 2249 1406 2299 syllogismorum,
1428 2249 1519 2286 ideo

130 2313 437 2351 immorabimur
457 2314 560 2350 circa
584 2314 756 2362 primam
784 2318 825 2350 et
850 2313 1068 2350 secundam
1096 2313 1284 2361 speciem,
1306 2317 1518 2361 tangentes

128 2378 302 2415 breviter
331 2378 379 2415 de
408 2379 536 2422 tertia,
559 2379 748 2415 omnibus
778 2379 867 2415 aliis
895 2378 1082 2414 relictis.'’
1135 2377 1326 2420 Javellus,
1349 2377 1398 2414 de
1428 2377 1518 2413 Pro-

128 2441 342 2490 positione,
364 2454 448 2489 cap.
470 2442 508 2478 ii.

182 2512 196 2533 g
224 2504 266 2540 Is
287 2504 355 2540 the
372 2516 560 2540 converse
577 2516 628 2540 an
644 2504 846 2541 inference
862 2503 965 2540 from
982 2504 1050 2540 the
1066 2503 1236 2551 original
1252 2502 1515 2550 proposition,

129 2580 185 2611 or,
215 2580 257 2604 as
286 2567 473 2615 Whately
503 2579 604 2616 says,
626 2566 694 2603 the
725 2578 834 2603 same
863 2566 1080 2615 judgment
1112 2566 1154 2601 in
1188 2565 1357 2601 another
1385 2563 1517 2600 form?

129 2631 231 2668 This
258 2643 336 2667 was
366 2642 417 2666 an
447 2630 553 2679 early
578 2629 694 2678 point
722 2629 766 2665 of
790 2628 950 2677 dispute
979 2640 1127 2677 among
1157 2628 1225 2664 the
1257 2627 1512 2664 Schoolmen.

128 2695 204 2732 See
233 2695 384 2731 Albert.
414 2694 455 2730 in
485 2694 599 2730 Anal.
629 2693 692 2729 Pr.
722 2693 853 2730 Tract.
884 2693 908 2729 i.
939 2705 1022 2741 cap.
1054 2694 1088 2728 8.
1146 2691 1337 2728 Aristotle
1369 2691 1514 2739 clearly
