1868 3117
714 210 1017 241 RUmMENTA.
1497 195 1557 244 57

171 325 313 372 simul
336 325 485 382 falsae,
510 330 559 372 et
592 341 688 372 una
719 342 846 382 vera,
871 325 990 372 falsa
1022 325 1173 371 altera
1206 339 1310 370 esse
1340 330 1560 387 possunt.

173 407 299 453 Nam
346 407 393 453 in
442 407 742 463 Necessaria,
785 407 924 453 simu]
977 422 1104 454 verae
1146 411 1259 452 sunt
1300 406 1356 452 A.
1404 407 1456 460 Ι;
1514 407 1560 452 in

175 489 482 552 Impossibili,
518 489 659 536 simul
699 505 827 536 verae
869 490 925 536 E.
969 490 1042 543 03
1096 489 1144 535 in
1195 488 1381 543 eadem,
1422 488 1564 535 simul

173 569 321 626 falsae,
358 571 413 617 A.
453 572 491 617 I.
529 577 578 618 et
617 571 665 617 in
705 572 1003 627 Necessaria,
1040 570 1183 617 simul
1220 570 1355 617 falsae
1393 571 1449 617 E.
1488 571 1560 624 O;

172 652 220 698 in
259 652 589 714 Contingenti,
623 652 847 715 (propter
881 653 939 699 A.
967 653 1026 699 E.
1060 651 1218 707 falsas,
1254 652 1292 699 Ι.
1320 652 1377 699 Ο.
1404 652 1561 713 veras)

174 733 230 779 A.
259 734 296 780 I.
323 734 399 780 vel
424 735 480 780 E.
509 734 565 780 O.
592 740 704 780 sunt
729 750 827 780 una
851 749 982 789 vera,
1007 733 1125 779 falsa
1149 733 1313 780 altera.

241 816 451 862 Possunt
490 816 633 863 etiam
671 816 808 862 aliter
849 816 896 862 hi
940 816 1165 862 Canones
1202 814 1564 876 Oppositarum,

174 912 283 942 curn
309 897 525 959 pluribus
551 897 668 953 aliis,
693 903 798 944 tum
824 896 918 943 hoc
952 912 1148 958 quoque
1182 895 1329 942 modo
1364 895 1564 942 demon-

176 978 329 1024 strari.

244 1059 283 1105 1.
323 1059 730 1106 Contradictoriae
758 1060 815 1106 A.
843 1059 899 1105 O.
928 1058 999 1105 ve]
1029 1059 1084 1105 E.
1108 1059 1146 1105 Ι.
1172 1074 1261 1104 nec
1287 1058 1426 1104 simul
1446 1074 1565 1105 veroe

176 1156 265 1186 nec
307 1140 446 1187 simul
472 1141 622 1202 falsoe
662 1157 765 1187 esse
812 1144 1031 1203 possunt.
1103 1140 1252 1191 Quod
1293 1139 1420 1185 enim
1468 1155 1566 1185 una

175 1229 335 1285 negat,
382 1223 509 1270 idem
561 1223 713 1270 altera
760 1223 819 1270 de
868 1221 1057 1277 eodem,
1104 1220 1372 1267 secundum
1418 1221 1564 1276 idem,

175 1304 412 1351 affirmat:
459 1305 518 1351 Id
563 1321 677 1352 vero
725 1305 828 1350 fieri
874 1320 965 1350 nec
1013 1309 1186 1349 natura
1232 1302 1432 1364 patitur,
1474 1318 1564 1349 nec

176 1401 345 1432 sensus
369 1386 470 1447 ipse
497 1385 783 1432 communis.
856 1385 1037 1439 Quare,

242 1484 286 1514 α.
324 1467 372 1513 Si
403 1468 699 1514 Universalis
731 1483 845 1513 vera
879 1467 955 1522 sit,
981 1465 1306 1520 Particularis,
1332 1480 1443 1528 quae
1475 1466 1563 1512 sub

176 1565 233 1595 ea
257 1549 551 1605 continetur,
576 1566 688 1596 vera
713 1555 799 1596 est.
870 1550 935 1596 Et

242 1631 292 1687 β.
329 1631 378 1677 Si
404 1632 711 1679 Particularis
735 1631 853 1678 falsa
881 1631 957 1686 sit,
981 1628 1294 1685 UniversaliS,
1320 1646 1431 1692 quae
1457 1645 1563 1676 earn

176 1713 409 1769 continet,
443 1713 563 1760 falsa
601 1720 703 1760 est:
742 1713 987 1765 Quoniam
1025 1712 1152 1758 enim
1194 1711 1478 1773 Subjectum
1514 1712 1564 1758 in

174 1796 445 1842 Universali
465 1795 781 1850 distribuitur,
802 1795 873 1850 fit,
892 1801 947 1841 ut
967 1796 1014 1841 in
1036 1810 1108 1850 ea,
1129 1800 1177 1840 et
1194 1794 1242 1840 in
1265 1793 1564 1849 particulari,

176 1877 322 1932 idem,
357 1877 416 1923 de
459 1877 647 1932 eodem,
689 1876 958 1923 secundum
1000 1875 1144 1931 idem,
1187 1874 1402 1921 dicatur:
1451 1890 1563 1921 vere

174 1959 319 2021 igitur
343 1965 392 2004 et
416 1958 534 2004 falso
555 1958 697 2004 simul
721 1958 830 2013 dici,
851 1958 968 2020 (hoc
995 1964 1083 2012 est,
1102 1957 1329 2003 affirmari
1354 1955 1497 2002 simul
1516 1961 1565 2002 et

178 2040 364 2102 negari)
391 2039 574 2100 nequit.

244 2121 289 2167 2.
317 2121 584 2167 Contrariae
610 2121 667 2166 A.
688 2121 745 2166 E.
770 2135 868 2166 non
894 2123 1101 2182 possunt
1126 2133 1229 2164 esse
1255 2118 1395 2164 simul
1414 2134 1564 2165 veroe:

177 2203 260 2250 sed
285 2204 332 2249 in
359 2203 560 2250 materia
584 2202 889 2263 contingenti
914 2206 1026 2248 sunt
1049 2200 1188 2247 simul
1202 2200 1364 2261 falsoe.
1436 2200 1564 2246 Nam

182 2285 239 2332 1⁰.
267 2286 556 2347 Exponatur
587 2282 884 2330 Universalis
918 2298 1059 2336 vera3
1099 2282 1231 2342 Ergo
1263 2280 1566 2343 particularis

175 2383 288 2414 vera
321 2383 406 2430 per
445 2367 486 2413 l.
525 2383 582 2420 ας
634 2366 765 2427 Ergo
808 2381 918 2426 quae
958 2362 1235 2426 particulari
1274 2363 1567 2409 contradicit

178 2449 297 2496 falsa
320 2464 406 2511 per
435 2449 475 2494 1.
546 2447 642 2494 Sed
665 2447 773 2493 haec
799 2452 870 2493 est
896 2445 1149 2507 Expositae
1175 2443 1457 2490 contrariff.

234 2593 246 2607 ¹
275 2586 733 2634 Ewponatm·—eaeposita.
789 2584 986 2621 Aldrich’s
1007 2595 1078 2619 use
1099 2582 1143 2618 of
1164 2582 1278 2618 these
1301 2586 1423 2617 terms
1444 2580 1485 2616 in
1513 2593 1568 2617 re-

180 2650 305 2686 lation
336 2655 375 2685 to
405 2648 636 2696 opposition
667 2647 745 2684 and
781 2646 1017 2683 conversion
1050 2645 1124 2681 has
1154 2644 1257 2680 been
1288 2642 1484 2679 censured
1518 2642 1569 2691 by

181 2713 246 2750 Sir
265 2713 325 2751 W.
349 2712 573 2754 Hammon,
595 2712 765 2748 Lectures
792 2723 839 2746 οη
865 2709 993 2757 Loyic,
1022 2708 1097 2745 vol.
1123 2707 1154 2743 I.
1177 2719 1213 2755 p.
1245 2707 1333 2744 263.
1391 2705 1568 2754 Perhaps
