1868 3117
662 229 964 260 RUDIMENTA.
1415 214 1506 259 129

186 345 229 390 5.
270 345 521 392 Praecedat
545 345 591 391 in
618 345 855 400 docend0‚
881 346 981 391 sine
1007 361 1103 406 quo
1129 344 1335 390 alterum
1366 343 1506 390 intel—

117 426 197 487 ligi
222 444 319 473 non
347 436 526 490 potest,
549 430 708 491 ipsum
734 445 846 475 vero
872 429 973 475 sine
999 428 1152 475 altero
1178 434 1353 490 potest.

187 593 230 653 ᾗ.
269 593 313 638 2.
355 593 412 638 ΙΝ
449 593 696 639 tradendis
732 593 993 656 disciplinis
1032 593 1128 639 suis
1169 593 1506 639 Mathematici

117 673 207 719 hac
244 680 451 721 utuntur
493 673 755 721 methodoi.
833 676 873 722 1.
920 676 1087 722 Vocum
1122 675 1506 738 signficationem

120 758 454 804 constituunt:
492 757 538 804 h.
560 776 600 805 e.
637 758 870 805 Vocabulcz
890 758 1006 804 artis
1026 774 1113 804 suo
1140 758 1372 820 quodque
1397 758 1505 803 loco

119 839 184 885 sic
222 839 475 894 definiunt,
512 848 565 885 ut
601 840 759 902 legem
796 841 882 886 sibi
920 847 1138 886 statuant
1173 841 1227 886 iis
1263 857 1506 902 nusquam

118 920 204 973 uti,
240 928 564 983 praeterquam
600 922 646 967 in
686 938 744 967 eo
782 937 925 967 sensu
962 938 1106 983 quem
1144 922 1353 984 explicat
1391 922 1510 968 defi-

119 1002 252 1047 nitio.
346 1003 388 1048 2.
451 1002 825 1049 Definitionibus
884 1003 1185 1064 subjungunt
1231 1005 1508 1058 Axiomata,

119 1102 239 1147 quas
265 1094 313 1132 et
338 1081 499 1135 κοινὰς
528 1083 713 1136 ἐννοίας·
741 1087 939 1134 vocantj
961 1105 972 1141 3
1012 1088 1057 1134 h.
1079 1104 1118 1133 e.
1153 1088 1301 1134 effata
1334 1095 1507 1150 sponte

116 1168 387 1230 perspicua,
406 1170 581 1230 quibus
599 1170 647 1215 in
669 1170 875 1216 decursu
893 1170 1051 1231 operis
1070 1169 1307 1215 utendum
1329 1170 1507 1216 vident.

118 1250 162 1295 3.
215 1250 440 1296 Posthaec
489 1251 722 1312 adjiciunt
764 1251 1032 1305 Postulata‚
1069 1267 1190 1319 'quae
1233 1251 1293 1297 ad
1336 1252 1507 1314 praxin

118 1336 370 1393 spectant3
409 1338 620 1394 suntque
659 1348 744 1394 per
774 1348 823 1378 se
858 1338 991 1378 certa
1015 1338 1064 1378 et
1089 1332 1357 1385 evidentia3
1397 1349 1507 1395 quae

115 1412 317 1473 proinde
343 1413 444 1458 sine
469 1413 754 1475 probatione
781 1413 982 1459 concedi
1008 1429 1095 1459 suo
1120 1413 1229 1475 jure
1248 1415 1507 1475 postulant.

117 1494 160 1540 4.
189 1494 338 1540 Hisce
357 1495 541 1557 positis,
558 1495 913 1557 propositiones
934 1496 1293 1549 demonstrant3
1322 1496 1508 1551 ordine,

114 1582 180 1631 et,
221 1576 382 1637 quoad
426 1576 528 1622 fieri
574 1582 750 1638 potest,
791 1576 1058 1623 affirmate:
1107 1593 1205 1622 una
1244 1577 1351 1639 lege
1393 1593 1509 1623 con-

114 1656 254 1712 tenti,
294 1663 364 1712 ut,
411 1658 642 1718 quicquid
684 1657 1071 1704 demonstratum
1114 1665 1248 1713 eunt,
1290 1675 1351 1705 ex
1393 1667 1507 1705 ante

114 1737 237 1783 datis
262 1737 339 1784 vel
379 1739 590 1800 probatis
624 1739 934 1785 manifestum
960 1739 1151 1786 faciant.
1225 1742 1432 1797 Caetera,
1458 1743 1504 1787 in

115 1819 288 1880 quibus
323 1819 541 1865 methodi
577 1828 904 1882 praeceptores
937 1821 1076 1867 multi
1110 1828 1224 1867 sunt
1256 1829 1304 1868 et
1338 1823 1505 1878 odiosi,

116 1915 215 1945 non
242 1909 507 1946 morantur.

167 2088 175 2111 ί
204 2089 293 2125 Hac
308 2096 466 2125 ulmum·
480 2091 662 2126 methodo.
709 2091 789 2126 For
804 2103 826 2126 a
842 2090 996 2126 further
1012 2097 1182 2127 account
1197 2090 1241 2127 of
1254 2092 1320 2128 the
1338 2092 1503 2128 method

115 2151 159 2188 of
188 2152 485 2189 mathematical
519 2155 746 2202 reasoning,
779 2166 844 2190 see
878 2154 1102 2202 Appendix,
1139 2160 1233 2191 note
1269 2155 1314 2197 L,
1347 2168 1399 2191 on
1435 2157 1502 2192 the

116 2214 241 2263 Logic
261 2215 305 2251 of
322 2215 554 2264 Geometry.

164 2280 174 2309 J'
206 2280 295 2316 The
315 2284 419 2317 κοιναὶ
437 2284 558 2317 ἔννοιαι
578 2281 622 2317 of
644 2282 711 2318 the
734 2282 1086 2318 Mathematicians
1107 2283 1352 2330 correspond
1374 2288 1412 2319 to
1435 2284 1502 2319 the

112 2345 285 2390 ἀξιώματα
304 2343 349 2380 of
368 2344 569 2381 Aristotle.
628 2345 716 2382 The
736 2346 854 2382 latter
873 2351 973 2382 term
997 2346 1030 2381 is
1051 2352 1123 2381 not
1142 2346 1242 2382 used
1262 2347 1311 2395 by
1333 2347 1500 2390 Euclid;

111 2419 187 2443 nor
214 2407 265 2455 by
295 2420 371 2455 any
401 2407 446 2443 of
470 2408 538 2444 the
559 2408 665 2456 early
696 2409 1048 2445 Mathematicians
1078 2409 1119 2445 in
1155 2410 1206 2445 its
1240 2410 1501 2446 Aristotelian

112 2482 241 2506 sense.
298 2470 458 2519 Among
486 2471 553 2507 the
585 2472 726 2514 Stoics,
747 2474 871 2508 ansioni
892 2485 969 2508 was
1000 2485 1274 2520 synonymous
1298 2473 1391 2508 with
1416 2487 1499 2520 pro-

105 2535 280 2580 position,
311 2534 391 2570 and
421 2534 461 2569 in
490 2534 571 2570 this
602 2546 719 2571 sense
750 2535 780 2570 it
809 2536 841 2570 is
870 2535 1105 2571 mentioned
1135 2536 1177 2570 in
1207 2548 1230 2571 a
1261 2548 1429 2584 passage
1461 2536 1504 2572 of

109 2598 317 2645 Apuleius,
348 2597 496 2645 quoted
528 2610 564 2645 p.
598 2601 661 2640 44,
694 2604 788 2634 note
822 2610 855 2634 a.
913 2599 992 2634 For
1022 2610 1044 2634 a
1072 2598 1146 2634 full
1175 2599 1327 2647 history
1358 2599 1402 2635 of
1432 2600 1498 2635 the

110 2665 212 2696 term
233 2660 312 2696 and
334 2661 384 2697 its
406 2661 556 2696 several
583 2673 687 2702 useS,
711 2673 776 2696 see
803 2661 865 2697 Sir
884 2661 944 2696 W.
969 2661 1213 2697 Hamilton's
1234 2667 1340 2704 note,
1364 2662 1497 2698 Reid's

112 2723 268 2765 VVorkffi
290 2736 327 2770 p.
351 2725 438 2759 764.

791 2809 821 2837 K
