<?xml version="1.0" encoding="UTF-8"?>
<!DOCTYPE html PUBLIC "-//W3C//DTD XHTML 1.0 Transitional//EN"
    "http://www.w3.org/TR/xhtml1/DTD/xhtml1-transitional.dtd">
<html xmlns="http://www.w3.org/1999/xhtml" xml:lang="en" lang="en">
 <head>
  <title>
</title>
<meta http-equiv="Content-Type" content="text/html;charset=utf-8" />
  <meta name='ocr-system' content='tesseract 3.04.00' />
  <meta name='ocr-capabilities' content='ocr_page ocr_carea ocr_par ocr_line ocrx_word'/>
</head>
<body>
  <div class='ocr_page' id='page_1' title='image "artislogicaerudi00aldruoft_0089.png"; bbox 0 0 1868 3117; ppageno 0'>
   <div class='ocr_carea' id='block_1_1' title="bbox 693 209 1543 254">
    <p class='ocr_par' dir='ltr' id='par_1_1' title="bbox 693 209 1543 254">
     <span class='ocr_line' id='line_1_1' title="bbox 693 209 1543 254; baseline 0.001 -1"><span class='ocrx_word' id='word_1_1' title='bbox 693 222 998 253; x_wconf 80' lang='lat' dir='ltr'>RUDIMENTA.</span> <span class='ocrx_word' id='word_1_2' title='bbox 1516 209 1543 254; x_wconf 91' lang='lat'><strong><em>5</em></strong></span> 
     </span>
    </p>
   </div>
   <div class='ocr_carea' id='block_1_2' title="bbox 144 337 1545 1300">
    <p class='ocr_par' dir='ltr' id='par_1_2' title="bbox 144 337 1545 1219">
     <span class='ocr_line' id='line_1_2' title="bbox 152 337 1545 401; baseline 0.002 -18"><span class='ocrx_word' id='word_1_3' title='bbox 152 337 461 401; x_wconf 85' lang='lat' dir='ltr'>incomplexa</span> <span class='ocrx_word' id='word_1_4' title='bbox 519 337 788 400; x_wconf 89' lang='lat' dir='ltr'>intelligere</span> <span class='ocrx_word' id='word_1_5' title='bbox 849 339 966 401; x_wconf 92' lang='lat' dir='ltr'>quid</span> <span class='ocrx_word' id='word_1_6' title='bbox 1015 338 1101 385; x_wconf 89' lang='lat' dir='ltr'>sibi</span> <span class='ocrx_word' id='word_1_7' title='bbox 1149 338 1298 385; x_wconf 88' lang='lat' dir='ltr'>velint</span> <span class='ocrx_word' id='word_1_8' title='bbox 1357 339 1545 400; x_wconf 85' lang='lat' dir='ltr'>singula</span> 
     </span>
     <span class='ocr_line' id='line_1_3' title="bbox 149 419 1544 483; baseline 0.001 -17"><span class='ocrx_word' id='word_1_9' title='bbox 149 419 390 466; x_wconf 87' lang='lat' dir='ltr'>Orationis</span> <span class='ocrx_word' id='word_1_10' title='bbox 414 420 557 483; x_wconf 87' lang='lat' dir='ltr'>hujus</span> <span class='ocrx_word' id='word_1_11' title='bbox 583 420 834 476; x_wconf 86' lang='lat' dir='ltr'>vocabula,</span> <span class='ocrx_word' id='word_1_12' title='bbox 861 420 1119 483; x_wconf 86' lang='lat' dir='ltr'>complexa</span> <span class='ocrx_word' id='word_1_13' title='bbox 1151 436 1265 466; x_wconf 88' lang='lat' dir='ltr'>vero</span> <span class='ocrx_word' id='word_1_14' title='bbox 1292 420 1410 483; x_wconf 88' lang='lat' dir='ltr'>quid</span> <span class='ocrx_word' id='word_1_15' title='bbox 1439 426 1544 468; x_wconf 87' lang='lat' dir='ltr'>tota</span> 
     </span>
     <span class='ocr_line' id='line_1_4' title="bbox 151 500 1542 564; baseline 0.001 -17"><span class='ocrx_word' id='word_1_16' title='bbox 151 501 239 547; x_wconf 88' lang='lat' dir='ltr'>sibi</span> <span class='ocrx_word' id='word_1_17' title='bbox 272 501 386 548; x_wconf 89' lang='lat' dir='ltr'>velit</span> <span class='ocrx_word' id='word_1_18' title='bbox 422 500 638 549; x_wconf 68' lang='lat' dir='ltr'>Oratio³:</span> <span class='ocrx_word' id='word_1_19' title='bbox 677 502 806 553; x_wconf 79' lang='lat' dir='ltr'>Quin</span> <span class='ocrx_word' id='word_1_20' title='bbox 842 507 891 548; x_wconf 89' lang='lat' dir='ltr'>et</span> <span class='ocrx_word' id='word_1_21' title='bbox 922 502 1070 564; x_wconf 88' lang='lat' dir='ltr'>ipsius</span> <span class='ocrx_word' id='word_1_22' title='bbox 1104 501 1310 548; x_wconf 80' lang='lat' dir='ltr'>Naturae</span> <span class='ocrx_word' id='word_1_23' title='bbox 1340 501 1542 549; x_wconf 87' lang='lat' dir='ltr'>luminej</span> 
     </span>
     <span class='ocr_line' id='line_1_5' title="bbox 149 583 1543 646; baseline 0.001 -17"><span class='ocrx_word' id='word_1_24' title='bbox 149 583 382 645; x_wconf 82' lang='lat' dir='ltr'>intelligo,</span> <span class='ocrx_word' id='word_1_25' title='bbox 422 584 533 631; x_wconf 92' lang='lat' dir='ltr'>Duo</span> <span class='ocrx_word' id='word_1_26' title='bbox 573 583 806 646; x_wconf 79' lang='lat' dir='ltr'>quaelibet</span> <span class='ocrx_word' id='word_1_27' title='bbox 842 583 1035 646; x_wconf 87' lang='lat' dir='ltr'>objecta</span> <span class='ocrx_word' id='word_1_28' title='bbox 1071 583 1148 631; x_wconf 87' lang='lat' dir='ltr'>vel</span> <span class='ocrx_word' id='word_1_29' title='bbox 1181 584 1308 631; x_wconf 90' lang='lat' dir='ltr'>inter</span> <span class='ocrx_word' id='word_1_30' title='bbox 1346 600 1396 631; x_wconf 90' lang='lat' dir='ltr'>se</span> <span class='ocrx_word' id='word_1_31' title='bbox 1429 600 1543 631; x_wconf 86' lang='lat' dir='ltr'>con-</span> 
     </span>
     <span class='ocr_line' id='line_1_6' title="bbox 149 665 1544 728; baseline 0.001 -18"><span class='ocrx_word' id='word_1_32' title='bbox 149 665 328 721; x_wconf 89' lang='lat' dir='ltr'>venire,</span> <span class='ocrx_word' id='word_1_33' title='bbox 352 665 429 712; x_wconf 89' lang='lat' dir='ltr'>vel</span> <span class='ocrx_word' id='word_1_34' title='bbox 453 681 552 711; x_wconf 92' lang='lat' dir='ltr'>non</span> <span class='ocrx_word' id='word_1_35' title='bbox 587 665 862 721; x_wconf 87' lang='lat' dir='ltr'>convenire,</span> <span class='ocrx_word' id='word_1_36' title='bbox 888 671 937 712; x_wconf 91' lang='lat' dir='ltr'>et</span> <span class='ocrx_word' id='word_1_37' title='bbox 965 665 1169 728; x_wconf 82' lang='lat' dir='ltr'>proinde</span> <span class='ocrx_word' id='word_1_38' title='bbox 1202 665 1356 712; x_wconf 87' lang='lat' dir='ltr'>altera</span> <span class='ocrx_word' id='word_1_39' title='bbox 1382 666 1544 728; x_wconf 90' lang='lat' dir='ltr'>Copu-</span> 
     </span>
     <span class='ocr_line' id='line_1_7' title="bbox 148 746 1544 810; baseline 0.001 -17"><span class='ocrx_word' id='word_1_40' title='bbox 148 746 304 793; x_wconf 86' lang='lat' dir='ltr'>larum</span> <span class='ocrx_word' id='word_1_41' title='bbox 341 763 443 794; x_wconf 90' lang='lat' dir='ltr'>esse</span> <span class='ocrx_word' id='word_1_42' title='bbox 472 747 755 810; x_wconf 85' lang='lat' dir='ltr'>jungenda:</span> <span class='ocrx_word' id='word_1_43' title='bbox 813 747 1047 794; x_wconf 90' lang='lat' dir='ltr'>Nondum</span> <span class='ocrx_word' id='word_1_44' title='bbox 1090 753 1254 794; x_wconf 88' lang='lat' dir='ltr'>tamen</span> <span class='ocrx_word' id='word_1_45' title='bbox 1291 747 1383 794; x_wconf 90' lang='lat' dir='ltr'>feci</span> <span class='ocrx_word' id='word_1_46' title='bbox 1414 747 1544 810; x_wconf 88' lang='lat' dir='ltr'>judi-</span> 
     </span>
     <span class='ocr_line' id='line_1_8' title="bbox 149 828 1543 893; baseline 0.001 -18"><span class='ocrx_word' id='word_1_47' title='bbox 149 828 275 875; x_wconf 88' lang='lat' dir='ltr'>cium</span> <span class='ocrx_word' id='word_1_48' title='bbox 318 829 473 876; x_wconf 89' lang='lat' dir='ltr'>donec</span> <span class='ocrx_word' id='word_1_49' title='bbox 514 829 752 891; x_wconf 88' lang='lat' dir='ltr'>Copulam</span> <span class='ocrx_word' id='word_1_50' title='bbox 795 829 1234 885; x_wconf 86' lang='lat' dir='ltr'>determinaverim‚</span> <span class='ocrx_word' id='word_1_51' title='bbox 1275 829 1304 876; x_wconf 88' lang='lat' dir='ltr'>i.</span> <span class='ocrx_word' id='word_1_52' title='bbox 1331 846 1371 876; x_wconf 88' lang='lat' dir='ltr'>e.</span> <span class='ocrx_word' id='word_1_53' title='bbox 1413 831 1543 893; x_wconf 88' lang='lat' dir='ltr'>apud</span> 
     </span>
     <span class='ocr_line' id='line_1_9' title="bbox 147 911 1540 975; baseline 0.001 -18"><span class='ocrx_word' id='word_1_54' title='bbox 147 912 384 974; x_wconf 88' lang='lat' dir='ltr'>meipsum</span> <span class='ocrx_word' id='word_1_55' title='bbox 411 912 662 958; x_wconf 79' lang='lat' dir='ltr'><strong>statuerim</strong></span> <span class='ocrx_word' id='word_1_56' title='bbox 687 911 794 957; x_wconf 85' lang='lat' dir='ltr'>haec</span> <span class='ocrx_word' id='word_1_57' title='bbox 830 912 940 957; x_wconf 87' lang='lat' dir='ltr'>Duo</span> <span class='ocrx_word' id='word_1_58' title='bbox 972 911 1196 973; x_wconf 84' lang='lat' dir='ltr'>Objecta,</span> <span class='ocrx_word' id='word_1_59' title='bbox 1229 912 1540 975; x_wconf 77' lang='lat' dir='ltr'><em>Triangulum</em></span> 
     </span>
     <span class='ocr_line' id='line_1_10' title="bbox 144 992 1538 1056; baseline 0.001 -18"><span class='ocrx_word' id='word_1_60' title='bbox 144 992 480 1055; x_wconf 80' lang='lat' dir='ltr'>cequilaterum,</span> <span class='ocrx_word' id='word_1_61' title='bbox 538 999 587 1039; x_wconf 91' lang='lat' dir='ltr'>et</span> <span class='ocrx_word' id='word_1_62' title='bbox 655 993 964 1056; x_wconf 73' lang='lat' dir='ltr'><em>Triangulum</em></span> <span class='ocrx_word' id='word_1_63' title='bbox 1026 993 1389 1056; x_wconf 65' lang='lat' dir='ltr'><em>aequiangulum,</em></span> <span class='ocrx_word' id='word_1_64' title='bbox 1448 994 1538 1040; x_wconf 86' lang='lat' dir='ltr'>hac</span> 
     </span>
     <span class='ocr_line' id='line_1_11' title="bbox 148 1074 1538 1139; baseline 0.001 -18"><span class='ocrx_word' id='word_1_65' title='bbox 148 1075 341 1137; x_wconf 86' lang='lat' dir='ltr'>Copula</span> <span class='ocrx_word' id='word_1_66' title='bbox 375 1076 484 1130; x_wconf 74' lang='lat' dir='ltr'>Est,</span> <span class='ocrx_word' id='word_1_67' title='bbox 517 1091 616 1121; x_wconf 93' lang='lat' dir='ltr'>non</span> <span class='ocrx_word' id='word_1_68' title='bbox 651 1078 815 1121; x_wconf 89' lang='lat' dir='ltr'>autem</span> <span class='ocrx_word' id='word_1_69' title='bbox 848 1074 1000 1120; x_wconf 84' lang='lat' dir='ltr'>altera</span> <span class='ocrx_word' id='word_1_70' title='bbox 1034 1074 1280 1130; x_wconf 75' lang='lat' dir='ltr'>Non-Est,</span> <span class='ocrx_word' id='word_1_71' title='bbox 1312 1082 1538 1139; x_wconf 81' lang='lat' dir='ltr'>oportere</span> 
     </span>
     <span class='ocr_line' id='line_1_12' title="bbox 147 1156 392 1219; baseline 0 -17"><span class='ocrx_word' id='word_1_72' title='bbox 147 1156 392 1219; x_wconf 86' lang='lat' dir='ltr'>conjungi.</span> 
     </span>
    </p>

    <p class='ocr_par' dir='ltr' id='par_1_3' title="bbox 213 1235 1539 1300">
     <span class='ocr_line' id='line_1_13' title="bbox 213 1235 1539 1300; baseline 0.002 -16"><span class='ocrx_word' id='word_1_73' title='bbox 213 1238 258 1284; x_wconf 86' lang='lat'>3.</span> <span class='ocrx_word' id='word_1_74' title='bbox 294 1235 590 1293; x_wconf 69' lang='lat' dir='ltr'>Discursusk,</span> <span class='ocrx_word' id='word_1_75' title='bbox 616 1244 688 1284; x_wconf 86' lang='lat' dir='ltr'>est</span> <span class='ocrx_word' id='word_1_76' title='bbox 722 1243 883 1284; x_wconf 90' lang='lat' dir='ltr'>motus</span> <span class='ocrx_word' id='word_1_77' title='bbox 917 1237 1015 1283; x_wconf 88' lang='lat' dir='ltr'>sive</span> <span class='ocrx_word' id='word_1_78' title='bbox 1048 1254 1330 1300; x_wconf 87' lang='lat' dir='ltr'>progressus</span> <span class='ocrx_word' id='word_1_79' title='bbox 1362 1242 1539 1287; x_wconf 89' lang='lat' dir='ltr'>mentis</span> 
     </span>
    </p>
   </div>
   <div class='ocr_carea' id='block_1_3' title="bbox 135 1388 1538 2780">
    <p class='ocr_par' dir='ltr' id='par_1_4' title="bbox 138 1388 1538 2078">
     <span class='ocr_line' id='line_1_14' title="bbox 198 1388 1537 1438; baseline 0.001 -11"><span class='ocrx_word' id='word_1_80' title='bbox 198 1391 206 1414; x_wconf 63' lang='lat' dir='ltr'>i</span> <span class='ocrx_word' id='word_1_81' title='bbox 236 1389 497 1438; x_wconf 86' lang='lat' dir='ltr'>Conception,</span> <span class='ocrx_word' id='word_1_82' title='bbox 529 1389 597 1426; x_wconf 91' lang='lat' dir='ltr'>the</span> <span class='ocrx_word' id='word_1_83' title='bbox 627 1389 937 1437; x_wconf 84' lang='lat' dir='ltr'>Apprehension</span> <span class='ocrx_word' id='word_1_84' title='bbox 973 1388 1018 1425; x_wconf 89' lang='lat' dir='ltr'>of</span> <span class='ocrx_word' id='word_1_85' title='bbox 1046 1389 1183 1438; x_wconf 84' lang='lat' dir='ltr'>Logic,</span> <span class='ocrx_word' id='word_1_86' title='bbox 1216 1391 1376 1438; x_wconf 88' lang='lat' dir='ltr'>implies</span> <span class='ocrx_word' id='word_1_87' title='bbox 1411 1392 1537 1428; x_wconf 89' lang='lat' dir='ltr'>consi-</span> 
     </span>
     <span class='ocr_line' id='line_1_15' title="bbox 143 1453 1538 1505; baseline 0.001 -14"><span class='ocrx_word' id='word_1_88' title='bbox 143 1454 307 1503; x_wconf 88' lang='lat' dir='ltr'>derably</span> <span class='ocrx_word' id='word_1_89' title='bbox 327 1467 438 1491; x_wconf 82' lang='lat' dir='ltr'>more</span> <span class='ocrx_word' id='word_1_90' title='bbox 468 1454 565 1490; x_wconf 89' lang='lat' dir='ltr'>than</span> <span class='ocrx_word' id='word_1_91' title='bbox 595 1454 663 1490; x_wconf 88' lang='lat' dir='ltr'>the</span> <span class='ocrx_word' id='word_1_92' title='bbox 693 1465 802 1490; x_wconf 87' lang='lat' dir='ltr'>mere</span> <span class='ocrx_word' id='word_1_93' title='bbox 832 1453 1157 1503; x_wconf 86' lang='lat' dir='ltr'>understanding</span> <span class='ocrx_word' id='word_1_94' title='bbox 1184 1453 1227 1491; x_wconf 93' lang='lat' dir='ltr'>of</span> <span class='ocrx_word' id='word_1_95' title='bbox 1251 1454 1318 1491; x_wconf 89' lang='lat' dir='ltr'>the</span> <span class='ocrx_word' id='word_1_96' title='bbox 1347 1456 1538 1505; x_wconf 80' lang='lat' dir='ltr'>meaning</span> 
     </span>
     <span class='ocr_line' id='line_1_16' title="bbox 143 1517 1534 1567; baseline 0.001 -12"><span class='ocrx_word' id='word_1_97' title='bbox 143 1518 188 1555; x_wconf 92' lang='lat' dir='ltr'>of</span> <span class='ocrx_word' id='word_1_98' title='bbox 211 1518 340 1555; x_wconf 83' lang='lat' dir='ltr'>words</span> <span class='ocrx_word' id='word_1_99' title='bbox 370 1531 414 1555; x_wconf 87' lang='lat' dir='ltr'>or</span> <span class='ocrx_word' id='word_1_100' title='bbox 445 1523 670 1555; x_wconf 83' lang='lat' dir='ltr'>sentences.</span> <span class='ocrx_word' id='word_1_101' title='bbox 727 1517 761 1553; x_wconf 75' lang='lat' dir='ltr'><strong>A</strong></span> <span class='ocrx_word' id='word_1_102' title='bbox 791 1517 898 1553; x_wconf 82' lang='lat' dir='ltr'>word</span> <span class='ocrx_word' id='word_1_103' title='bbox 928 1529 973 1554; x_wconf 89' lang='lat' dir='ltr'>or</span> <span class='ocrx_word' id='word_1_104' title='bbox 1003 1522 1194 1554; x_wconf 80' lang='lat' dir='ltr'>sentence</span> <span class='ocrx_word' id='word_1_105' title='bbox 1223 1530 1315 1567; x_wconf 82' lang='lat' dir='ltr'>may</span> <span class='ocrx_word' id='word_1_106' title='bbox 1343 1519 1393 1555; x_wconf 90' lang='lat' dir='ltr'>be</span> <span class='ocrx_word' id='word_1_107' title='bbox 1423 1519 1534 1557; x_wconf 91' lang='lat' dir='ltr'>intel-</span> 
     </span>
     <span class='ocr_line' id='line_1_17' title="bbox 142 1581 1536 1632; baseline 0.001 -13"><span class='ocrx_word' id='word_1_108' title='bbox 142 1582 279 1632; x_wconf 88' lang='lat' dir='ltr'>ligible</span> <span class='ocrx_word' id='word_1_109' title='bbox 297 1583 413 1619; x_wconf 83' lang='lat' dir='ltr'>when</span> <span class='ocrx_word' id='word_1_110' title='bbox 430 1582 498 1619; x_wconf 87' lang='lat' dir='ltr'>the</span> <span class='ocrx_word' id='word_1_111' title='bbox 515 1582 658 1618; x_wconf 90' lang='lat' dir='ltr'>notion</span> <span class='ocrx_word' id='word_1_112' title='bbox 677 1581 863 1630; x_wconf 71' lang='lat' dir='ltr'>signified</span> <span class='ocrx_word' id='word_1_113' title='bbox 880 1582 913 1618; x_wconf 88' lang='lat' dir='ltr'>is</span> <span class='ocrx_word' id='word_1_114' title='bbox 934 1581 1232 1618; x_wconf 86' lang='lat' dir='ltr'>inconceivable</span> <span class='ocrx_word' id='word_1_115' title='bbox 1248 1595 1255 1625; x_wconf 88' lang='lat'>;</span> <span class='ocrx_word' id='word_1_116' title='bbox 1286 1582 1445 1626; x_wconf 85' lang='lat' dir='ltr'>indeed,</span> <span class='ocrx_word' id='word_1_117' title='bbox 1468 1584 1536 1620; x_wconf 90' lang='lat' dir='ltr'>the</span> 
     </span>
     <span class='ocr_line' id='line_1_18' title="bbox 143 1645 1537 1697; baseline 0 -13"><span class='ocrx_word' id='word_1_118' title='bbox 143 1647 335 1696; x_wconf 81' lang='lat' dir='ltr'>meaning</span> <span class='ocrx_word' id='word_1_119' title='bbox 364 1646 408 1683; x_wconf 91' lang='lat' dir='ltr'>of</span> <span class='ocrx_word' id='word_1_120' title='bbox 434 1659 457 1683; x_wconf 90' lang='lat' dir='ltr'>a</span> <span class='ocrx_word' id='word_1_121' title='bbox 482 1646 589 1683; x_wconf 85' lang='lat' dir='ltr'>word</span> <span class='ocrx_word' id='word_1_122' title='bbox 620 1650 731 1682; x_wconf 87' lang='lat' dir='ltr'>must</span> <span class='ocrx_word' id='word_1_123' title='bbox 757 1646 806 1682; x_wconf 92' lang='lat' dir='ltr'>be</span> <span class='ocrx_word' id='word_1_124' title='bbox 834 1645 1092 1689; x_wconf 82' lang='lat' dir='ltr'>understood,</span> <span class='ocrx_word' id='word_1_125' title='bbox 1121 1645 1256 1682; x_wconf 86' lang='lat' dir='ltr'>before</span> <span class='ocrx_word' id='word_1_126' title='bbox 1276 1658 1333 1682; x_wconf 79' lang='lat' dir='ltr'>we</span> <span class='ocrx_word' id='word_1_127' title='bbox 1363 1658 1437 1683; x_wconf 90' lang='lat' dir='ltr'>can</span> <span class='ocrx_word' id='word_1_128' title='bbox 1468 1659 1537 1697; x_wconf 88' lang='lat' dir='ltr'>say</span> 
     </span>
     <span class='ocr_line' id='line_1_19' title="bbox 142 1708 1533 1758; baseline 0 -11"><span class='ocrx_word' id='word_1_129' title='bbox 142 1711 321 1748; x_wconf 84' lang='lat' dir='ltr'>whether</span> <span class='ocrx_word' id='word_1_130' title='bbox 358 1711 426 1747; x_wconf 91' lang='lat' dir='ltr'>the</span> <span class='ocrx_word' id='word_1_131' title='bbox 466 1709 782 1758; x_wconf 83' lang='lat' dir='ltr'>corresponding</span> <span class='ocrx_word' id='word_1_132' title='bbox 819 1708 950 1758; x_wconf 83' lang='lat' dir='ltr'>object</span> <span class='ocrx_word' id='word_1_133' title='bbox 996 1709 1030 1746; x_wconf 83' lang='lat' dir='ltr'>is</span> <span class='ocrx_word' id='word_1_134' title='bbox 1078 1709 1330 1746; x_wconf 79' lang='lat' dir='ltr'>conceivable</span> <span class='ocrx_word' id='word_1_135' title='bbox 1370 1722 1415 1747; x_wconf 88' lang='lat' dir='ltr'>or</span> <span class='ocrx_word' id='word_1_136' title='bbox 1450 1715 1533 1748; x_wconf 90' lang='lat' dir='ltr'>not.</span> 
     </span>
     <span class='ocr_line' id='line_1_20' title="bbox 143 1773 1535 1824; baseline -0.001 -12"><span class='ocrx_word' id='word_1_137' title='bbox 143 1775 393 1824; x_wconf 85' lang='lat' dir='ltr'>Conception</span> <span class='ocrx_word' id='word_1_138' title='bbox 420 1775 592 1811; x_wconf 88' lang='lat' dir='ltr'>consists</span> <span class='ocrx_word' id='word_1_139' title='bbox 620 1774 662 1810; x_wconf 90' lang='lat' dir='ltr'>in</span> <span class='ocrx_word' id='word_1_140' title='bbox 689 1786 741 1810; x_wconf 85' lang='lat' dir='ltr'>an</span> <span class='ocrx_word' id='word_1_141' title='bbox 770 1775 876 1822; x_wconf 75' lang='lat' dir='ltr'>unity</span> <span class='ocrx_word' id='word_1_142' title='bbox 902 1774 946 1821; x_wconf 85' lang='lat' dir='ltr'>of</span> <span class='ocrx_word' id='word_1_143' title='bbox 968 1774 1266 1821; x_wconf 58' lang='lat' dir='ltr'>representation,</span> <span class='ocrx_word' id='word_1_144' title='bbox 1294 1773 1318 1809; x_wconf 90' lang='lat' dir='ltr'>i.</span> <span class='ocrx_word' id='word_1_145' title='bbox 1336 1786 1367 1810; x_wconf 90' lang='lat' dir='ltr'>e.</span> <span class='ocrx_word' id='word_1_146' title='bbox 1397 1774 1439 1810; x_wconf 87' lang='lat' dir='ltr'>in</span> <span class='ocrx_word' id='word_1_147' title='bbox 1466 1774 1535 1811; x_wconf 88' lang='lat' dir='ltr'>the</span> 
     </span>
     <span class='ocr_line' id='line_1_21' title="bbox 138 1836 1534 1887; baseline -0.001 -12"><span class='ocrx_word' id='word_1_148' title='bbox 138 1850 271 1887; x_wconf 80' lang='lat' dir='ltr'>power</span> <span class='ocrx_word' id='word_1_149' title='bbox 299 1837 343 1874; x_wconf 86' lang='lat' dir='ltr'>of</span> <span class='ocrx_word' id='word_1_150' title='bbox 367 1837 543 1886; x_wconf 84' lang='lat' dir='ltr'>forming</span> <span class='ocrx_word' id='word_1_151' title='bbox 572 1849 594 1874; x_wconf 87' lang='lat' dir='ltr'>a</span> <span class='ocrx_word' id='word_1_152' title='bbox 622 1836 774 1873; x_wconf 85' lang='lat' dir='ltr'>mental</span> <span class='ocrx_word' id='word_1_153' title='bbox 806 1836 937 1885; x_wconf 80' lang='lat' dir='ltr'>image</span> <span class='ocrx_word' id='word_1_154' title='bbox 967 1836 1012 1872; x_wconf 87' lang='lat' dir='ltr'>of</span> <span class='ocrx_word' id='word_1_155' title='bbox 1040 1836 1108 1873; x_wconf 89' lang='lat' dir='ltr'>the</span> <span class='ocrx_word' id='word_1_156' title='bbox 1140 1836 1292 1873; x_wconf 85' lang='lat' dir='ltr'>several</span> <span class='ocrx_word' id='word_1_157' title='bbox 1321 1837 1534 1875; x_wconf 83' lang='lat' dir='ltr'>attributes</span> 
     </span>
     <span class='ocr_line' id='line_1_22' title="bbox 140 1899 1532 1952; baseline 0.001 -14"><span class='ocrx_word' id='word_1_158' title='bbox 140 1903 258 1952; x_wconf 81' lang='lat' dir='ltr'>given</span> <span class='ocrx_word' id='word_1_159' title='bbox 292 1903 334 1938; x_wconf 89' lang='lat' dir='ltr'>in</span> <span class='ocrx_word' id='word_1_160' title='bbox 369 1914 445 1951; x_wconf 83' lang='lat' dir='ltr'>any</span> <span class='ocrx_word' id='word_1_161' title='bbox 474 1901 581 1938; x_wconf 82' lang='lat' dir='ltr'>word</span> <span class='ocrx_word' id='word_1_162' title='bbox 616 1913 661 1937; x_wconf 89' lang='lat' dir='ltr'>or</span> <span class='ocrx_word' id='word_1_163' title='bbox 695 1900 969 1937; x_wconf 87' lang='lat' dir='ltr'>combination</span> <span class='ocrx_word' id='word_1_164' title='bbox 1005 1899 1050 1936; x_wconf 94' lang='lat' dir='ltr'>of</span> <span class='ocrx_word' id='word_1_165' title='bbox 1083 1899 1225 1937; x_wconf 85' lang='lat' dir='ltr'>words.</span> <span class='ocrx_word' id='word_1_166' title='bbox 1296 1900 1336 1937; x_wconf 90' lang='lat' dir='ltr'>It</span> <span class='ocrx_word' id='word_1_167' title='bbox 1369 1901 1403 1937; x_wconf 85' lang='lat' dir='ltr'>is</span> <span class='ocrx_word' id='word_1_168' title='bbox 1438 1902 1532 1939; x_wconf 88' lang='lat' dir='ltr'>thus</span> 
     </span>
     <span class='ocr_line' id='line_1_23' title="bbox 140 1963 1530 2014; baseline 0.001 -12"><span class='ocrx_word' id='word_1_169' title='bbox 140 1966 404 2014; x_wconf 86' lang='lat' dir='ltr'>imagination</span> <span class='ocrx_word' id='word_1_170' title='bbox 429 1965 632 2014; x_wconf 85' lang='lat' dir='ltr'>relatively</span> <span class='ocrx_word' id='word_1_171' title='bbox 653 1969 694 2001; x_wconf 86' lang='lat' dir='ltr'>to</span> <span class='ocrx_word' id='word_1_172' title='bbox 721 1976 744 2001; x_wconf 81' lang='lat' dir='ltr'>a</span> <span class='ocrx_word' id='word_1_173' title='bbox 773 1969 954 2012; x_wconf 84' lang='lat' dir='ltr'>concept.</span> <span class='ocrx_word' id='word_1_174' title='bbox 1014 1963 1074 2001; x_wconf 86' lang='lat' dir='ltr'>Cf.</span> <span class='ocrx_word' id='word_1_175' title='bbox 1097 1964 1311 2001; x_wconf 79' lang='lat' dir='ltr'>Hamilton</span> <span class='ocrx_word' id='word_1_176' title='bbox 1339 1977 1391 2001; x_wconf 90' lang='lat' dir='ltr'>on</span> <span class='ocrx_word' id='word_1_177' title='bbox 1416 1965 1530 2009; x_wconf 86' lang='lat' dir='ltr'>Reid,</span> 
     </span>
     <span class='ocr_line' id='line_1_24' title="bbox 139 2026 1091 2078; baseline -0.003 -12"><span class='ocrx_word' id='word_1_178' title='bbox 139 2042 176 2078; x_wconf 89' lang='lat' dir='ltr'>p.</span> <span class='ocrx_word' id='word_1_179' title='bbox 196 2032 284 2066; x_wconf 82' lang='lat'>377.</span> <span class='ocrx_word' id='word_1_180' title='bbox 342 2029 634 2078; x_wconf 82' lang='lat' dir='ltr'>Prolegomena</span> <span class='ocrx_word' id='word_1_181' title='bbox 654 2028 815 2078; x_wconf 87' lang='lat' dir='ltr'>Logica,</span> <span class='ocrx_word' id='word_1_182' title='bbox 836 2040 874 2076; x_wconf 89' lang='lat' dir='ltr'>p.</span> <span class='ocrx_word' id='word_1_183' title='bbox 897 2030 958 2064; x_wconf 76' lang='lat'>24.</span> <span class='ocrx_word' id='word_1_184' title='bbox 1085 2026 1091 2029; x_wconf 71' lang='grc'><strong>’</strong></span> 
     </span>
    </p>

    <p class='ocr_par' dir='ltr' id='par_1_5' title="bbox 136 2091 1530 2333">
     <span class='ocr_line' id='line_1_25' title="bbox 189 2091 1528 2141; baseline -0.001 -11"><span class='ocrx_word' id='word_1_185' title='bbox 189 2094 200 2124; x_wconf 84' lang='lat' dir='ltr'>J&#39;</span> <span class='ocrx_word' id='word_1_186' title='bbox 229 2093 351 2141; x_wconf 78' lang='lat' dir='ltr'>Ipsius</span> <span class='ocrx_word' id='word_1_187' title='bbox 370 2094 529 2130; x_wconf 78' lang='lat' dir='ltr'>Naturoe</span> <span class='ocrx_word' id='word_1_188' title='bbox 549 2093 696 2128; x_wconf 79' lang='lat' dir='ltr'>lumine.</span> <span class='ocrx_word' id='word_1_189' title='bbox 755 2091 857 2128; x_wconf 81' lang='lat' dir='ltr'>This</span> <span class='ocrx_word' id='word_1_190' title='bbox 879 2091 1067 2127; x_wconf 81' lang='lat' dir='ltr'>so-oalled</span> <span class='ocrx_word' id='word_1_191' title='bbox 1095 2092 1190 2139; x_wconf 67' lang='lat' dir='ltr'>hyla</span> <span class='ocrx_word' id='word_1_192' title='bbox 1215 2092 1259 2138; x_wconf 83' lang='lat' dir='ltr'>of</span> <span class='ocrx_word' id='word_1_193' title='bbox 1278 2099 1413 2128; x_wconf 78' lang='lat' dir='ltr'>nature</span> <span class='ocrx_word' id='word_1_194' title='bbox 1432 2092 1466 2128; x_wconf 84' lang='lat' dir='ltr'>is</span> <span class='ocrx_word' id='word_1_195' title='bbox 1488 2092 1528 2129; x_wconf 89' lang='lat' dir='ltr'>in</span> 
     </span>
     <span class='ocr_line' id='line_1_26' title="bbox 138 2156 1528 2206; baseline 0 -12"><span class='ocrx_word' id='word_1_196' title='bbox 138 2158 250 2194; x_wconf 87' lang='lat' dir='ltr'>truth</span> <span class='ocrx_word' id='word_1_197' title='bbox 279 2170 355 2194; x_wconf 92' lang='lat' dir='ltr'>one</span> <span class='ocrx_word' id='word_1_198' title='bbox 386 2157 430 2194; x_wconf 87' lang='lat' dir='ltr'>of</span> <span class='ocrx_word' id='word_1_199' title='bbox 454 2157 522 2194; x_wconf 88' lang='lat' dir='ltr'>the</span> <span class='ocrx_word' id='word_1_200' title='bbox 550 2157 645 2194; x_wconf 85' lang='lat' dir='ltr'>laws</span> <span class='ocrx_word' id='word_1_201' title='bbox 675 2156 719 2194; x_wconf 88' lang='lat' dir='ltr'>of</span> <span class='ocrx_word' id='word_1_202' title='bbox 743 2156 927 2206; x_wconf 87' lang='lat' dir='ltr'>thought,</span> <span class='ocrx_word' id='word_1_203' title='bbox 956 2156 1187 2205; x_wconf 84' lang='lat' dir='ltr'>commonly</span> <span class='ocrx_word' id='word_1_204' title='bbox 1212 2156 1359 2193; x_wconf 85' lang='lat' dir='ltr'>known</span> <span class='ocrx_word' id='word_1_205' title='bbox 1389 2169 1431 2194; x_wconf 85' lang='lat' dir='ltr'>as</span> <span class='ocrx_word' id='word_1_206' title='bbox 1460 2158 1528 2194; x_wconf 90' lang='lat' dir='ltr'>the</span> 
     </span>
     <span class='ocr_line' id='line_1_27' title="bbox 137 2219 1530 2269; baseline -0.001 -12"><span class='ocrx_word' id='word_1_207' title='bbox 137 2220 338 2269; x_wconf 87' lang='lat' dir='ltr'>Principle</span> <span class='ocrx_word' id='word_1_208' title='bbox 359 2219 404 2257; x_wconf 89' lang='lat' dir='ltr'>of</span> <span class='ocrx_word' id='word_1_209' title='bbox 419 2219 628 2257; x_wconf 84' lang='lat' dir='ltr'>Excluded</span> <span class='ocrx_word' id='word_1_210' title='bbox 649 2219 816 2256; x_wconf 87' lang='lat' dir='ltr'>Middle.</span> <span class='ocrx_word' id='word_1_211' title='bbox 876 2219 1130 2267; x_wconf 70' lang='lat' dir='ltr'>(Principium</span> <span class='ocrx_word' id='word_1_212' title='bbox 1145 2220 1281 2256; x_wconf 65' lang='lat' dir='ltr'>exclusi</span> <span class='ocrx_word' id='word_1_213' title='bbox 1302 2220 1415 2256; x_wconf 76' lang='lat' dir='ltr'>medii</span> <span class='ocrx_word' id='word_1_214' title='bbox 1434 2220 1530 2256; x_wconf 77' lang='lat' dir='ltr'>inter</span> 
     </span>
     <span class='ocr_line' id='line_1_28' title="bbox 136 2286 551 2333; baseline -0.002 -11"><span class='ocrx_word' id='word_1_215' title='bbox 136 2286 210 2322; x_wconf 83' lang='lat' dir='ltr'>duo</span> <span class='ocrx_word' id='word_1_216' title='bbox 231 2286 551 2333; x_wconf 75' lang='lat' dir='ltr'>contradictoria.)</span> 
     </span>
    </p>

    <p class='ocr_par' dir='ltr' id='par_1_6' title="bbox 135 2346 1527 2780">
     <span class='ocr_line' id='line_1_29' title="bbox 190 2346 1527 2396; baseline -0.001 -11"><span class='ocrx_word' id='word_1_217' title='bbox 190 2350 205 2372; x_wconf 70' lang='lat'>¹¹</span> <span class='ocrx_word' id='word_1_218' title='bbox 235 2355 256 2370; x_wconf 86' lang='lat'><strong>“</strong></span> <span class='ocrx_word' id='word_1_219' title='bbox 274 2349 446 2386; x_wconf 87' lang='lat' dir='ltr'>Additur</span> <span class='ocrx_word' id='word_1_220' title='bbox 465 2348 582 2385; x_wconf 85' lang='lat' dir='ltr'>tertia</span> <span class='ocrx_word' id='word_1_221' title='bbox 601 2348 779 2396; x_wconf 84' lang='lat' dir='ltr'>operatio</span> <span class='ocrx_word' id='word_1_222' title='bbox 808 2359 896 2395; x_wconf 83' lang='lat' dir='ltr'>quae</span> <span class='ocrx_word' id='word_1_223' title='bbox 925 2351 987 2384; x_wconf 89' lang='lat' dir='ltr'>est</span> <span class='ocrx_word' id='word_1_224' title='bbox 1012 2346 1231 2389; x_wconf 81' lang='lat' dir='ltr'>discursus,</span> <span class='ocrx_word' id='word_1_225' title='bbox 1254 2346 1302 2383; x_wconf 90' lang='lat' dir='ltr'>ab</span> <span class='ocrx_word' id='word_1_226' title='bbox 1322 2359 1404 2383; x_wconf 89' lang='lat' dir='ltr'>uno</span> <span class='ocrx_word' id='word_1_227' title='bbox 1425 2359 1527 2384; x_wconf 89' lang='lat' dir='ltr'>com-</span> 
     </span>
     <span class='ocr_line' id='line_1_30' title="bbox 138 2409 1527 2460; baseline -0.001 -12"><span class='ocrx_word' id='word_1_228' title='bbox 138 2412 270 2460; x_wconf 87' lang='lat' dir='ltr'>posito</span> <span class='ocrx_word' id='word_1_229' title='bbox 305 2412 366 2448; x_wconf 90' lang='lat' dir='ltr'>vel</span> <span class='ocrx_word' id='word_1_230' title='bbox 395 2412 521 2448; x_wconf 86' lang='lat' dir='ltr'>diviso</span> <span class='ocrx_word' id='word_1_231' title='bbox 553 2411 603 2448; x_wconf 88' lang='lat' dir='ltr'>ad</span> <span class='ocrx_word' id='word_1_232' title='bbox 638 2410 768 2448; x_wconf 86' lang='lat' dir='ltr'>aliud:</span> <span class='ocrx_word' id='word_1_233' title='bbox 813 2411 889 2447; x_wconf 85' lang='lat' dir='ltr'>hoc</span> <span class='ocrx_word' id='word_1_234' title='bbox 923 2415 1060 2447; x_wconf 86' lang='lat' dir='ltr'>tamen</span> <span class='ocrx_word' id='word_1_235' title='bbox 1094 2409 1140 2445; x_wconf 86' lang='lat' dir='ltr'>fit</span> <span class='ocrx_word' id='word_1_236' title='bbox 1173 2421 1245 2457; x_wconf 87' lang='lat' dir='ltr'>per</span> <span class='ocrx_word' id='word_1_237' title='bbox 1279 2415 1527 2459; x_wconf 86' lang='lat' dir='ltr'>argumenta-</span> 
     </span>
     <span class='ocr_line' id='line_1_31' title="bbox 136 2471 1527 2523; baseline -0.001 -11"><span class='ocrx_word' id='word_1_238' title='bbox 136 2476 302 2513; x_wconf 89' lang='lat' dir='ltr'>tionem.</span> <span class='ocrx_word' id='word_1_239' title='bbox 346 2476 422 2512; x_wconf 88' lang='lat' dir='ltr'>Est</span> <span class='ocrx_word' id='word_1_240' title='bbox 438 2480 570 2511; x_wconf 85' lang='lat' dir='ltr'>autem</span> <span class='ocrx_word' id='word_1_241' title='bbox 588 2474 882 2523; x_wconf 85' lang='lat' dir='ltr'>argumentatio</span> <span class='ocrx_word' id='word_1_242' title='bbox 900 2473 1025 2510; x_wconf 84' lang='lat' dir='ltr'>oratio</span> <span class='ocrx_word' id='word_1_243' title='bbox 1042 2471 1306 2522; x_wconf 84' lang='lat' dir='ltr'>significativa</span> <span class='ocrx_word' id='word_1_244' title='bbox 1321 2472 1527 2510; x_wconf 88' lang='lat' dir='ltr'>discursus</span> 
     </span>
     <span class='ocr_line' id='line_1_32' title="bbox 136 2534 1526 2586; baseline -0.002 -11"><span class='ocrx_word' id='word_1_245' title='bbox 136 2539 303 2576; x_wconf 88' lang='lat' dir='ltr'>rationis</span> <span class='ocrx_word' id='word_1_246' title='bbox 339 2538 387 2574; x_wconf 89' lang='lat' dir='ltr'>ab</span> <span class='ocrx_word' id='word_1_247' title='bbox 420 2549 502 2574; x_wconf 91' lang='lat' dir='ltr'>uno</span> <span class='ocrx_word' id='word_1_248' title='bbox 533 2537 692 2586; x_wconf 88' lang='lat' dir='ltr'>cognito</span> <span class='ocrx_word' id='word_1_249' title='bbox 728 2536 777 2572; x_wconf 83' lang='lat' dir='ltr'>ad</span> <span class='ocrx_word' id='word_1_250' title='bbox 812 2535 920 2572; x_wconf 85' lang='lat' dir='ltr'>aliud</span> <span class='ocrx_word' id='word_1_251' title='bbox 955 2535 1219 2584; x_wconf 87' lang='lat' dir='ltr'>incognitum,</span> <span class='ocrx_word' id='word_1_252' title='bbox 1250 2534 1312 2571; x_wconf 84' lang='lat' dir='ltr'>vel</span> <span class='ocrx_word' id='word_1_253' title='bbox 1346 2547 1369 2571; x_wconf 89' lang='lat' dir='ltr'>a</span> <span class='ocrx_word' id='word_1_254' title='bbox 1399 2536 1526 2585; x_wconf 86' lang='lat' dir='ltr'>magis</span> 
     </span>
     <span class='ocr_line' id='line_1_33' title="bbox 136 2599 1525 2653; baseline -0.005 -12"><span class='ocrx_word' id='word_1_255' title='bbox 136 2604 297 2653; x_wconf 81' lang='lat' dir='ltr'>cognito</span> <span class='ocrx_word' id='word_1_256' title='bbox 327 2602 377 2639; x_wconf 89' lang='lat' dir='ltr'>ad</span> <span class='ocrx_word' id='word_1_257' title='bbox 411 2602 546 2638; x_wconf 76' lang='lat' dir='ltr'>minus</span> <span class='ocrx_word' id='word_1_258' title='bbox 581 2601 799 2650; x_wconf 80' lang='lat' dir='ltr'>cognitum.</span> <span class='ocrx_word' id='word_1_259' title='bbox 857 2599 961 2636; x_wconf 82' lang='lat' dir='ltr'>Sunt</span> <span class='ocrx_word' id='word_1_260' title='bbox 996 2604 1130 2635; x_wconf 88' lang='lat' dir='ltr'>autern</span> <span class='ocrx_word' id='word_1_261' title='bbox 1165 2599 1525 2647; x_wconf 82' lang='lat' dir='ltr'>argumentationis</span> 
     </span>
     <span class='ocr_line' id='line_1_34' title="bbox 135 2661 1525 2717; baseline -0.004 -12"><span class='ocrx_word' id='word_1_262' title='bbox 135 2672 306 2717; x_wconf 85' lang='lat' dir='ltr'>quatuor</span> <span class='ocrx_word' id='word_1_263' title='bbox 326 2666 492 2715; x_wconf 84' lang='lat' dir='ltr'>species,</span> <span class='ocrx_word' id='word_1_264' title='bbox 515 2665 667 2701; x_wconf 81' lang='lat' dir='ltr'>scilicet</span> <span class='ocrx_word' id='word_1_265' title='bbox 688 2663 957 2713; x_wconf 46' lang='lat' dir='ltr'>syllogismus</span> <span class='ocrx_word' id='word_1_266' title='bbox 980 2662 1249 2711; x_wconf 74' lang='lat' dir='ltr'>enthymema,</span> <span class='ocrx_word' id='word_1_267' title='bbox 1272 2661 1463 2706; x_wconf 89' lang='lat' dir='ltr'>inductio,</span> <span class='ocrx_word' id='word_1_268' title='bbox 1487 2668 1525 2700; x_wconf 89' lang='lat' dir='ltr'>et</span> 
     </span>
     <span class='ocr_line' id='line_1_35' title="bbox 137 2725 1522 2780; baseline -0.004 -12"><span class='ocrx_word' id='word_1_269' title='bbox 137 2731 402 2780; x_wconf 78' lang='lat' dir='ltr'>exemplum.”</span> <span class='ocrx_word' id='word_1_270' title='bbox 458 2730 648 2778; x_wconf 83' lang='lat' dir='ltr'>Aquinas,</span> <span class='ocrx_word' id='word_1_271' title='bbox 682 2729 828 2777; x_wconf 82' lang='lat' dir='ltr'>Opusc.</span> <span class='ocrx_word' id='word_1_272' title='bbox 859 2727 977 2763; x_wconf 79' lang='lat' dir='ltr'>xlviii.</span> <span class='ocrx_word' id='word_1_273' title='bbox 1008 2727 1139 2763; x_wconf 89' lang='lat' dir='ltr'>Tract.</span> <span class='ocrx_word' id='word_1_274' title='bbox 1170 2726 1218 2762; x_wconf 89' lang='lat' dir='ltr'>de</span> <span class='ocrx_word' id='word_1_275' title='bbox 1249 2725 1345 2775; x_wconf 84' lang='lat' dir='ltr'>Syll.</span> <span class='ocrx_word' id='word_1_276' title='bbox 1375 2739 1458 2775; x_wconf 84' lang='lat' dir='ltr'>cap.</span> <span class='ocrx_word' id='word_1_277' title='bbox 1490 2730 1522 2763; x_wconf 84' lang='lat'>1.</span> 
     </span>
    </p>
   </div>
  </div>
 </body>
</html>
