1868 3117
715 246 969 278 ΑΡΡΕΝωΧ.
1442 231 1527 279 157

217 365 259 426 ξ.
305 365 373 410 ll.
410 364 682 409 VOLENTEM
709 362 784 408 hic
810 361 1026 407 desinere
1065 360 1237 422 pungit
1262 360 1531 422 scrupulus,

146 446 227 506 qui
274 444 535 492 nonnullos
583 443 725 489 hodie
774 442 1152 490 Mathematicos
1198 440 1322 487 male
1370 441 1530 487 habet.

148 526 274 572 Nam
322 527 368 572 in
420 525 926 572 Demonstrationibus
974 523 1279 585 quibusdam,
1322 523 1533 569 Conclu-

149 608 331 654 sionem
359 624 418 653 ex
448 608 520 653 sui
555 605 959 661 Contradictoria,
983 621 1069 666 per
1100 604 1337 666 legitimas
1370 620 1532 650 neces-

146 689 388 751 sariasque
452 688 823 749 consequentias
888 687 1066 732 directe
1130 685 1291 731 inferri
1350 686 1532 732 volunt.

149 771 295 822 Quod
349 770 387 817 si
432 770 499 816 ita
546 770 620 825 sit,
666 769 812 815 miror
866 785 894 815 a
947 767 1220 822 Veteribus,
1267 768 1533 830 praesertim

151 852 383 915 Scepticis
425 868 521 897 non
563 851 707 897 fuisse
749 850 1167 903 animadversum3
1221 850 1398 912 quippe
1441 850 1535 896 hoc

152 934 265 980 dato
290 940 394 979 tota
419 940 527 979 ruat
553 932 735 993 Logica
759 948 955 978 necesse
982 937 1068 978 est.

221 1015 403 1061 Dicunt
439 1021 603 1061 tamen
641 1013 974 1060 Theodosium
1013 1014 1369 1060 demonstrasse
1406 1013 1538 1075 quod

152 1098 191 1143 si
215 1097 375 1143 Maris
398 1096 659 1158 superficies
687 1113 776 1142 non
807 1103 873 1141 est.
907 1094 1164 1157 Sphoerica,
1189 1104 1255 1142 est
1282 1095 1537 1157 Splzoerz’ca.

154 1179 335 1225 Verum
375 1178 454 1224 ille
494 1178 611 1224 nihil
653 1178 747 1223 tale
789 1177 1168 1231 demonstravit3
1221 1177 1304 1223 sed
1347 1183 1538 1224 tantum

159 1261 309 1307 Maris
334 1259 637 1322 superficiem
662 1259 700 1305 si
725 1259 919 1305 nondum
943 1267 1073 1314 esset,
1084 1259 1198 1320 fore
1224 1258 1510 1321 Sphoerz'cam
1525 1277 1541 1305 .·

158 1342 314 1404 siquid
339 1342 463 1388 enim
492 1341 700 1387 emineat
722 1340 922 1401 (inquit)
949 1340 1066 1386 illud
1093 1341 1270 1395 statim,
1289 1357 1349 1386 ex
1370 1347 1543 1387 natura

157 1423 358 1478 humidi,
383 1423 597 1469 subsidet
622 1439 631 1468 :
669 1422 811 1468 Unde
838 1422 874 1467 si
902 1422 1051 1467 Maris
1077 1421 1353 1483 superficies
1379 1423 1440 1468 sit
1467 1422 1543 1482 (ut

158 1521 256 1551 non
284 1506 379 1566 est)
404 1503 672 1566 inaequalis,
684 1503 781 1565 fiet
804 1502 1017 1565 perfecte
1042 1502 1302 1565 Sphaerica.

225 1586 484 1632 Videamus
516 1584 645 1631 aliud
676 1584 983 1646 Exemplum.
1055 1584 1210 1630 Sunto
1236 1584 1424 1630 numeri
1449 1584 1545 1630 duo

157 1668 438 1730 inaequales,
474 1675 521 1713 et
561 1667 687 1713 inter
727 1683 776 1713 se
817 1666 986 1728 primi3
1039 1666 1160 1712 Dico
1203 1667 1336 1728 quod
1376 1682 1546 1712 eorum

163 1749 434 1796 differentia
488 1749 548 1795 ad
603 1749 839 1794 minorem
889 1747 1044 1810 prima
1089 1754 1177 1794 est.
1264 1748 1385 1794 Esto
1433 1748 1549 1794 enim

164 1847 377 1878 numerus
423 1830 589 1892 aliquis
644 1830 721 1891 qui
773 1829 959 1875 metitur
1009 1828 1260 1882 minorem;
1322 1828 1549 1890 idemque

161 1914 387 1960 metiatur
417 1912 768 1959 differentiam:
813 1912 944 1972 Ergo
980 1910 1179 1956 metitur
1215 1926 1385 1956 eorum
1421 1926 1550 1956 sum-

163 2011 292 2041 mam
313 2012 323 2049 3
364 1995 496 2055 Ergo
515 1994 713 2040 metitur
732 1992 981 2054 majorem,
1000 1992 1113 2038 huic
1134 2007 1337 2038 summae
1356 2007 1546 2053 parem;

165 2078 305 2140 Ergo
330 2093 419 2123 non
442 2076 627 2122 metitur
650 2075 879 2121 minorem.

232 2158 436 2205 Possum
461 2157 554 2203 hoc
573 2156 684 2203 loco
704 2156 862 2202 dicere
883 2154 1014 2216 quod
1034 2155 1265 2201 mendose
1285 2154 1546 2216 colligitur3

166 2239 313 2301 siquis
355 2238 480 2284 enim
524 2252 754 2284 numerus
794 2236 1033 2282 minorem
1072 2236 1298 2282 metiatur
1341 2251 1401 2282 ex
1440 2251 1550 2298 sup-

165 2363 348 2411 problem
368 2363 402 2399 is
422 2367 463 2399 to
484 2363 621 2399 trisect
646 2374 696 2398 an
724 2363 843 2409 anyle,
866 2373 911 2398 or
937 2361 1004 2397 the
1031 2373 1096 2397 arc
1124 2359 1372 2409 subtending
1392 2372 1414 2396 a
1433 2360 1550 2409 given

165 2427 295 2475 angle.
352 2426 439 2462 The
474 2425 649 2461 solution
683 2430 723 2461 to
761 2424 891 2460 which
924 2423 1088 2459 Aldrieh
1123 2422 1278 2459 alludes
1311 2434 1479 2470 appears
1510 2427 1550 2458 to

163 2489 264 2525 have
295 2488 398 2524 been
425 2487 470 2523 of
496 2487 576 2523 this
608 2486 719 2523 kind.
776 2485 818 2522 If
844 2498 894 2522 an
924 2497 988 2522 arc
1015 2485 1065 2522 be
1093 2485 1227 2522 drawn
1256 2485 1501 2534 subtending
1531 2497 1553 2521 a

168 2552 283 2600 given
316 2550 432 2598 angle
452 2550 547 2585 with
579 2561 602 2585 a
632 2548 766 2585 radius
788 2565 837 2582 =
856 2561 891 2590 a,
926 2547 1005 2584 and
1036 2547 1205 2583 another
1235 2547 1331 2583 with
1362 2559 1384 2583 a
1416 2547 1553 2584 radius

167 2631 218 2649 =
239 2614 312 2664 ὲα,
334 2613 402 2649 the
422 2612 540 2649 latter
567 2623 630 2648 arc
651 2627 700 2645 =
722 2610 744 2661 ἑ
765 2610 809 2647 of
834 2611 902 2646 the
922 2610 1079 2646 former.
1137 2609 1220 2646 But
1239 2610 1306 2646 the
1334 2610 1464 2658 larger
1489 2622 1554 2646 arc

168 2678 202 2713 is
221 2682 294 2713 not
314 2676 479 2724 thereby
498 2674 698 2711 trisected.
754 2674 834 2710 For
852 2674 919 2709 the
940 2673 1143 2710 materials
1165 2672 1209 2709 of
1232 2673 1313 2710 this
1333 2678 1428 2710 note
1448 2673 1468 2709 I
1491 2685 1554 2710 am

168 2740 361 2778 indebted
381 2744 420 2777 to
442 2737 650 2776 Professor
668 2737 732 2774 De
754 2737 936 2788 Morgan.
