1852 3137
274 207 336 253 52
800 220 938 251 ARTis
963 220 1146 252 LoclcAE

277 338 554 402 symbolum
580 337 726 383 habet
758 337 830 391 A;
870 352 1052 399 negans
1088 336 1157 381 E:
1197 333 1506 381 Particularis
1539 332 1665 378 affir-

277 436 415 467 mans
441 419 715 482 symbolum
743 419 763 465 I
785 436 795 473 3
834 434 1018 480 negans
1044 418 1101 464 O.

345 507 531 554 Asserit
556 506 603 552 A
620 524 638 560 ;
675 513 818 569 negat
842 505 892 551 E
909 523 925 551 .·
972 504 1309 550 Universaliter
1334 503 1492 550 amboe.

345 588 530 635 Asserit
555 587 590 633 I
600 606 619 642 ;
655 595 791 647 neyat
822 586 895 633 O:
930 586 1012 632 sed
1032 585 1401 632 Particularz'ter
1426 585 1595 631 ambo1’.

349 677 405 723 In
433 674 721 730 Universah,
741 674 930 736 signum
952 674 1196 720 affirmans
1217 673 1458 719 distribuit
1476 678 1668 719 tantum

281 759 623 822 Subjectumq:
678 757 893 818 Negans,
941 756 1084 802 etiam
1128 756 1468 802 Praedicatum.
1541 756 1668 802 Nam

279 848 335 887 ut
372 857 539 888 verum
573 841 633 886 sit
671 838 815 885 Omne
843 855 871 884 α
896 846 962 884 est
996 838 1036 892 b,
1071 838 1248 883 sufficit
1279 837 1479 898 aliquod
1505 837 1529 882 b
1556 852 1670 883 con-

281 922 443 968 venire
476 921 608 967 omni
641 938 702 966 a:
738 920 822 966 sed
854 919 1030 966 falsum
1064 925 1137 965 est
1170 920 1343 965 mallum
1377 936 1405 965 a·
1438 935 1531 966 esse
1565 919 1606 974 b,
1633 919 1671 965 si

281 1003 359 1050 vel
399 1002 595 1064 aliquod
638 1002 662 1047 b
705 1001 962 1049 conveniat
1003 1001 1145 1047 alicui
1188 1017 1230 1047 a.
1303 1001 1489 1047 Eodem
1532 1017 1672 1063 argu—

281 1090 463 1139 mento,
487 1090 544 1130 ut
576 1083 636 1128 sit
669 1098 837 1128 verum
870 1082 1084 1144 Aliquod
1105 1099 1134 1127 a
1158 1090 1225 1128 est
1251 1083 1292 1137 b,
1317 1082 1492 1129 sufficit
1525 1083 1563 1128 si
1595 1082 1670 1128 vel

282 1165 476 1228 aliquod
505 1165 529 1210 b
555 1164 813 1211 conveniat
844 1164 986 1210 alicui
1011 1180 1038 1210 a
1057 1183 1074 1210 .·
1111 1164 1195 1210 sed
1225 1163 1399 1210 falsum
1434 1170 1506 1210 est
1538 1164 1673 1225 quod

283 1249 476 1310 aliquod
498 1264 527 1293 a
551 1264 640 1293 non
665 1254 731 1293 est
757 1246 798 1301 b,
823 1246 913 1292 nisi
944 1246 1062 1292 illud
1088 1262 1116 1292 a
1140 1245 1332 1293 differat
1356 1263 1384 1292 a
1409 1247 1580 1309 quovis
1611 1247 1673 1293 bs

286 1331 353 1376 Et
377 1329 579 1392 proinde

338 1458 354 1479 P
385 1449 449 1487 On
470 1449 581 1485 these
601 1448 705 1484 lines
726 1447 867 1485 Wanis
891 1448 1083 1490 remarks,
1107 1448 1251 1485 “Nam
1279 1454 1362 1485 tam
1390 1453 1504 1485 erant
1532 1448 1677 1485 soliciti

289 1515 338 1552 de
376 1513 619 1562 syllabarum
659 1512 893 1559 quantitate,
930 1517 999 1548 aut
1037 1517 1247 1560 syntaxeos
1281 1513 1447 1555 ratione,
1481 1525 1599 1560 quam
1637 1518 1679 1548 ut

288 1577 519 1626 Rhythmus
550 1580 706 1612 constet
732 1580 800 1611 aut
825 1575 1088 1622 ὁμοιοτέλευτον.
1146 1574 1225 1611 Alii
1249 1580 1394 1618 tamen.
1418 1588 1495 1623 quo
1524 1581 1681 1612 constet

288 1654 438 1684 versus,
460 1653 531 1689 pro
551 1641 611 1676 sed
635 1640 904 1681 universaliter,
927 1638 1180 1675 substituunt
1205 1652 1327 1675 rerum
1355 1640 1600 1686 generantem
1629 1643 1678 1681 et,

290 1716 368 1754 quo
391 1703 556 1753 Syntaxi
576 1701 853 1750 prospiciatur,
875 1713 947 1749 pro
965 1702 1081 1744 ambo,
1100 1701 1282 1749 neglecto
1299 1701 1516 1750 Rhythmo,
1539 1701 1680 1738 substi-

289 1772 411 1805 tuunt
430 1767 565 1807 ambce,·
594 1765 856 1812 respicientes
872 1775 1009 1800 vocem
1032 1764 1367 1807 subintellectam,
1384 1765 1684 1812 propositiones.’'

342 1840 355 1861 q
385 1831 435 1866 In
456 1829 687 1878 opposition
715 1833 754 1864 to
784 1828 877 1870 this,
899 1827 967 1863 the
989 1827 1136 1864 almost
1161 1828 1406 1864 unanimous
1435 1828 1615 1865 doctrine
1643 1828 1687 1865 of

290 1894 438 1931 former
457 1892 686 1941 Logicians‚
708 1891 775 1928 the
798 1891 895 1927 New
915 1891 1099 1939 Analytic
1121 1890 1165 1927 of
1189 1891 1251 1928 Sir
1270 1891 1448 1928 William
1470 1891 1683 1928 Hamilton

289 1959 324 1995 is
345 1956 524 1995 founded
545 1968 598 1993 on
625 1956 693 1992 the
724 1955 921 2004 principle
950 1955 1036 1991 that
1062 1955 1160 1991 both
1188 1960 1312 1992 ternis
1340 1955 1382 1991 in
1410 1967 1525 2004 every
1545 1967 1684 2004 propo-

292 2022 414 2058 sition
451 2021 551 2057 have
591 2032 613 2056 a
652 2019 918 2055 determinate
957 2018 1141 2067 quantity
1179 2019 1322 2068 always
1361 2018 1609 2056 understood
1643 2019 1685 2056 in

291 2085 476 2133 thought,
499 2082 578 2120 and
598 2083 729 2119 which
756 2082 883 2130 ought
906 2086 946 2118 to
967 2081 1017 2118 be
1043 2082 1258 2129 expressed
1278 2082 1321 2118 in
1341 2081 1481 2119 words.
1540 2082 1646 2119 That
1665 2095 1688 2119 a

293 2147 514 2197 quantified
543 2146 745 2195 predicate
781 2151 892 2183 must
922 2146 972 2182 be
1004 2146 1210 2189 admitted,
1244 2147 1286 2182 in
1319 2146 1469 2183 certain
1504 2158 1614 2183 cases
1649 2151 1690 2183 at

292 2213 406 2255 least,
437 2223 479 2248 as
515 2223 565 2247 an
593 2210 775 2246 addition
810 2214 850 2246 to
887 2210 953 2246 the
990 2209 1177 2258 ordinary
1207 2209 1351 2258 logical
1386 2209 1522 2252 forms,
1553 2210 1587 2246 is
1618 2222 1687 2246 un-

294 2273 595 2321 questionable;
626 2272 700 2308 but
719 2273 770 2308 its
792 2272 1022 2320 systematic
1039 2271 1312 2308 introduction
1329 2272 1413 2308 into
1435 2272 1502 2308 the
1523 2277 1687 2319 present

293 2337 400 2374 work
421 2335 552 2373 would
580 2340 652 2372 not
677 2335 727 2371 be
758 2335 936 2382 possible
968 2335 1134 2372 without
1153 2347 1176 2372 a
1196 2335 1393 2383 complete
1421 2335 1624 2384 rewriting
1650 2335 1695 2373 of

295 2399 491 2436 Aldrich's
512 2403 606 2434 text.

350 2470 361 2486 Γ
391 2461 552 2498 Aldrich
584 2472 765 2498 assumes
796 2460 864 2497 the
894 2460 1154 2497 distribution
1186 2460 1229 2497 of
1260 2461 1327 2497 the
1360 2461 1562 2508 predicate
1592 2460 1633 2497 in
1666 2473 1688 2497 a

296 2527 491 2576 negative,
513 2530 553 2562 to
583 2536 702 2573 prove
732 2524 800 2561 the
831 2524 973 2572 simple
1003 2524 1240 2561 conversion
1267 2524 1311 2561 of
1335 2525 1383 2561 E.
1441 2524 1577 2560 Those
1598 2523 1685 2559 who

298 2590 420 2637 adopt
440 2587 661 2625 Aristotle's
681 2586 799 2635 proof
823 2587 867 2623 of
891 2588 958 2624 the
978 2587 1106 2631 latter,
1130 2587 1214 2636 (see
1235 2588 1373 2632 below,
1395 2600 1431 2636 p.
1456 2589 1534 2634 61.)
1556 2587 1686 2636 might

299 2653 450 2689 deduce
489 2652 556 2687 the
591 2650 739 2687 former
773 2650 873 2687 from
910 2650 950 2686 it.
1008 2650 1115 2687 Both
1150 2651 1331 2687 however
1365 2664 1455 2700 may
1489 2651 1601 2699 fairly
1634 2651 1683 2687 be

300 2716 463 2752 allowed
485 2721 524 2751 to
547 2714 663 2751 stand
687 2726 738 2751 on
761 2715 865 2751 their
885 2726 972 2751 own
994 2714 1194 2751 evidence.
