1868 3117
713 237 967 268 APPENDIX.
1442 225 1530 269 155

146 353 235 399 Vel
260 359 312 400 ut
349 353 516 401 tritum
549 353 834 415 Sophisma:
877 354 1015 408 Quod
1042 353 1155 416 Ego
1186 370 1298 409 sum,
1338 354 1410 400 Tu
1446 372 1533 401 non

147 452 193 481 es
208 454 227 489 ;
250 436 364 498 Ego
388 453 484 482 sum
506 435 636 482 homo
653 454 669 482 .·
706 436 836 497 Ergo
865 436 935 482 Tu
954 452 1042 482 non
1061 441 1140 482 ess.
1212 435 1300 481 Vel
1324 435 1533 498 deniqne

146 522 201 563 ut
228 516 538 579 Chrysippus
614 517 706 571 Qui
730 525 796 563 est
822 516 1056 579 Megaris,
1081 533 1169 563 non
1200 525 1268 563 est
1299 517 1498 564 Athenis
1516 537 1533 571 ,-

146 597 301 644 Homo
327 605 394 644 est
417 596 638 660 Megaris
659 616 674 650 ;
711 597 843 660 Ergo
869 598 1026 644 Homo
1051 614 1140 644 non
1164 606 1231 644 est
1255 599 1489 645 Athenis&

214 680 415 742 Subjicit
452 679 731 726 Gassendus
772 695 833 725 ex
877 679 1115 734 Laertiou,
1153 680 1236 726 has
1278 680 1534 742 Chrysippi

148 761 547 823 Rogatiunculas.
623 762 663 808 1.
701 761 797 812 Qui
831 777 929 807 non
962 761 1159 807 initiatis
1191 761 1374 808 indicat
1409 777 1535 823 mys-

146 843 282 898 teria,
321 843 467 904 impie
515 844 627 904 agit.
699 843 795 890 Sed
841 843 935 889 hoc
977 842 1092 890 facit
1141 843 1532 906 Hierophantes3

145 925 285 987 Ergo
313 925 465 987 Impie
490 925 602 987 agit.
673 925 718 972 2.
756 925 844 971 Est
877 925 1122 987 quoddam
1155 931 1331 988 caput3
1374 926 1430 972 Id
1458 927 1535 972 Tu

146 1023 243 1053 non
270 1007 448 1061 habes3
487 1007 627 1070 Ergo
662 1008 822 1070 Caput
855 1023 954 1053 non
993 1007 1156 1053 habes.
1228 1007 1272 1053 3.
1311 1007 1368 1053 Id
1403 1008 1535 1070 quod

143 1088 354 1149 loqueris
391 1104 452 1134 ex
489 1104 570 1134 ore
606 1096 692 1134 tuo
725 1088 998 1150 egreditur:
1049 1089 1258 1136 Currum
1292 1089 1532 1151 loqueris3

146 1170 286 1232 Ergo
313 1170 496 1216 Currus
522 1185 582 1216 ex
610 1186 692 1216 ore
717 1177 803 1216 tuo
830 1170 1090 1232 egreditur.

213 1334 256 1395 ξ.
287 1333 360 1380 10.
400 1334 513 1380 NON
538 1340 895 1396 temperaturos
921 1334 1009 1381 sibi
1034 1335 1248 1381 Juvenes
1286 1336 1399 1383 satis
1433 1338 1530 1383 scio

146 1415 262 1477 quin
288 1414 521 1461 dissiliant
544 1416 660 1470 risu,
678 1415 759 1461 ubi
784 1415 890 1461 haec
910 1421 1010 1461 tam
1030 1415 1185 1463 futilia
1208 1416 1532 1464 intellexerint

143 1513 171 1543 a
194 1497 482 1558 gravissimis
509 1496 818 1558 Philosophis
843 1496 965 1542 serio
991 1496 1135 1542 fuisse
1166 1498 1445 1560 proposita3
1484 1506 1532 1544 et

143 1578 400 1624 Veteribus
437 1578 558 1624 adeo
596 1578 807 1624 difficilia
844 1578 1023 1632 haberi,
1061 1585 1114 1624 ut
1151 1578 1363 1625 Philetas
1405 1580 1534 1626 Cous

142 1725 299 1762 various
337 1725 582 1772 expositions
617 1725 662 1761 of
691 1725 758 1761 the
793 1725 1017 1761 celebrated
1049 1726 1209 1774 Fallaoy
1238 1726 1282 1762 of
1311 1726 1378 1762 the
1408 1729 1534 1763 tertius

143 1790 262 1831 homo,
285 1788 446 1824 alluded
467 1794 507 1824 to
529 1789 578 1836 by
599 1788 801 1830 Aristotle,
826 1788 948 1835 Soph.
970 1789 1139 1824 Elench.
1161 1792 1222 1825 22.
1245 1792 1302 1825 12.
1354 1790 1532 1838 Metaph.

144 1853 168 1889 i.
192 1854 226 1888 9.
250 1855 285 1888 3.
342 1852 382 1887 It
409 1852 443 1888 is
474 1852 589 1900 given
620 1851 670 1899 by
697 1850 934 1893 Alexander,
964 1851 1096 1887 Schol.
1119 1864 1156 1899 p.
1186 1854 1274 1888 314.
1301 1852 1338 1888 b.
1363 1856 1425 1889 42.
1483 1854 1532 1889 In

143 1915 212 1951 the
239 1915 501 1963 proposition,
522 1916 698 1962 ἅνθρωπος
722 1919 909 1962 περιπατεῖ,
931 1915 998 1951 the
1021 1915 1176 1964 subject
1202 1916 1236 1952 is
1262 1922 1335 1953 not
1361 1917 1428 1953 the
1449 1917 1532 1953 Pla-

144 1979 252 2015 tonio
272 1980 539 2026 αὐτοάνθρωπος,
561 1977 647 2013 who
669 1978 702 2013 is
728 1978 1003 2019 immoveable,
1025 1991 1100 2014 nor
1123 1986 1191 2027 yet
1217 1992 1293 2028 any
1313 1980 1533 2017 individual

145 2054 265 2083 man;
295 2041 493 2077 therefore
521 2041 632 2077 there
661 2041 693 2077 is
716 2054 738 2077 a
764 2041 871 2077 third
899 2054 1004 2084 man,
1027 2042 1193 2079 distinet
1219 2044 1320 2079 from
1349 2044 1415 2080 the
1437 2044 1533 2080 Idea

145 2105 224 2141 and
244 2104 344 2140 from
367 2104 434 2140 the
456 2103 710 2140 individuals.
759 2104 919 2140 Several
940 2104 1054 2140 other
1069 2104 1191 2141 forms
1214 2106 1258 2142 of
1273 2107 1352 2142 this
1374 2107 1534 2155 Fallaey

145 2181 210 2205 are
232 2168 347 2217 given
367 2167 419 2215 by
438 2167 547 2202 Alex.
569 2168 610 2202 in
632 2167 811 2214 Metaph.
832 2179 868 2214 p.
891 2168 953 2203 62.
977 2167 1037 2203 ed.
1060 2167 1216 2205 Bonitz.
1266 2168 1324 2205 Cf.
1346 2169 1531 2211 Brandis,

143 2232 356 2278 deperditis
382 2231 590 2266 Aristotelis
617 2231 729 2272 libris,
751 2243 788 2278 p.
818 2233 877 2266 18.
936 2230 1099 2274 Cousin,
1121 2233 1165 2268 de
1191 2234 1228 2268 Ia
1256 2234 1535 2281 Metaphysique

145 2294 354 2336 d'Aristote‚
374 2306 412 2341 p.
439 2295 522 2330 164.
580 2293 725 2330 Bonitz
745 2294 785 2329 in
807 2294 927 2330 Arist.
949 2294 1046 2331 Met.
1070 2296 1157 2331 990.
1180 2295 1217 2331 b.
1242 2298 1301 2332 15.

199 2363 212 2380 ⁵
243 2357 318 2393 See
341 2357 510 2398 Gellius,
534 2357 582 2393 N.
603 2357 648 2392 A.
668 2358 776 2395 xviii.
800 2359 858 2393 13.

199 2423 209 2444 t
238 2421 477 2457 Ammonius
508 2422 558 2457 ad
589 2421 715 2468 Cateq.
745 2423 860 2458 Arist.
891 2421 916 2458 f.
950 2424 1011 2458 58.
1041 2427 1073 2459 οἱ
1106 2426 1245 2461 Οὕτιὸες
1279 2426 1534 2471 παραλογισμοὶ

146 2487 228 2520 κατὰ
262 2486 321 2519 τὸν
355 2484 433 2531 παρ’
466 2485 602 2534 “Ομὴρῳ
633 2485 821 2526 Ὀδυσσέα,
854 2487 889 2520 ἐν
921 2489 1022 2535 καιρῷ
1055 2489 1156 2522 Οὕτιν
1186 2489 1304 2521 ἑαυτὸν
1334 2487 1534 2521 καλέσαντα.

145 2550 284 2583 Οὕτινος
312 2549 574 2594 παραλογισμοῦ
592 2548 815 2593 παράδειγμα.
872 2547 916 2583 Εἴ
931 2549 982 2584 τίς
1003 2550 1098 2583 ἐστιν
1116 2550 1151 2583 ἐν
1167 2549 1334 2594 Ἀθήναις,
1355 2549 1451 2584 οὗτος
1475 2550 1534 2583 οὐκ

143 2611 239 2644 ἔστιν
266 2610 301 2643 ἐν
328 2610 509 2656 Μεγάροις·
543 2610 718 2656 ἅνθρωπος
743 2610 781 2645 δέ
806 2610 900 2645 ἐστιν
927 2611 962 2644 ἐν
986 2610 1150 2654 Ἀθήναις·
1183 2612 1358 2657 ἅνθρωπος
1382 2612 1446 2657 ἄρα
1476 2613 1533 2646 οὐκ

146 2673 241 2706 ἔστιν
260 2673 295 2707 ἐν
315 2673 494 2718 Μεγάροις.

201 2738 214 2750 '¹
245 2733 309 2767 vii.
340 2733 424 2772 lSss,
455 2735 535 2768 187.
